2116 2901
475 176 558 221 154
794 161 831 202 L
866 173 883 201 1
918 171 960 201 B.
1028 157 1063 201 I.
1130 157 1176 207 C
1205 172 1235 202 A
1269 166 1298 201 P
1331 169 1365 199 U
1397 167 1432 200 'r
1492 151 1769 203 XXVII.
1988 146 2106 216 ⁹455

472 243 583 290 unde
608 242 836 295 necessario,
865 256 987 304 atque
999 239 1099 288 adeo
1112 242 1163 287 ab
1174 255 1349 297 aeternO,
1361 239 1509 288 existit.
1554 239 1732 287 Constat
1755 240 1866 286 enim
1877 214 2104 306 perfeffiffli

473 307 547 355 effe
559 309 678 370 quod
691 312 712 357 a
724 312 761 355 se
771 307 904 354 existit
918 342 930 362 ,
945 325 1071 370 quam
1086 306 1207 369 quod
1220 309 1271 354 ab
1283 310 1362 354 alio
1373 306 1432 354 est
1447 326 1457 353 z
1471 305 1591 368 quod
1603 321 1739 354 autem
1752 307 1775 353 ὲ
1784 305 1821 352 se
1832 305 1890 352 est
1901 340 1914 361 ‚
1938 308 2082 374 {emper

471 380 514 421 &
540 373 751 421 necessario
763 374 832 421 est.
871 376 911 420 Si
923 376 1033 420 enim
1047 372 1269 435 aliquando
1282 390 1368 420 non
1382 369 1570 419 extitisset
1582 407 1595 428 ,
1630 374 1741 418 nulla
1755 371 1867 419 causa
1878 371 1920 419 id
1931 372 2078 436 potuffi

470 441 526 486 iet
547 440 783 503 producere.
821 444 967 502 Atque
989 438 1091 486 adeo
1114 439 1190 485 nifi
1212 444 1329 487 Deus
1351 440 1403 485 ab
1423 452 1578 485 aeterno
1592 435 1699 493 effet,
1722 455 1774 484 ne
1797 437 1968 500 quidem
1979 437 2080 490 effer}

472 509 578 553 Non
603 509 711 554 enim
725 503 817 553 esset
829 508 903 568 qui
915 523 1011 552 eum
1024 504 1248 570 producere
1259 502 1410 569 poffet3
1431 510 1474 552 &
1486 505 1509 551 a
1520 506 1556 551 se
1567 504 1653 569 ipso
1665 503 1839 569 produci
1850 520 1939 551 non
1945 504 2082 570 poffeg
2094 541 2108 565 s

473 570 577 618 dum
592 587 706 619 antea
720 574 799 636 ipse
811 589 899 618 non
912 569 1017 619 esset.

253 650 333 697 §aa
346 659 402 683 con
411 666 423 674 -
538 642 617 684 III.
653 641 765 685 Sicut
777 653 913 684 autem
927 637 1251 701 omnipraesentia
1262 639 1284 684 a
1297 640 1397 685 Deo
1407 648 1596 684 removet
1605 651 1735 682 omne
1743 635 1812 683 nbi
1831 670 1843 691 ,
1869 637 1922 684 ita
1932 638 2079 684 aetemi-

252 701 398 750 cipkrada
468 717 527 749 tas
550 705 600 749 ab
623 721 673 749 eo
698 718 883 751 removet
894 706 1078 767 quand03
1107 703 1228 766 quod
1240 708 1338 751 Deo
1352 720 1439 749 non
1452 705 1650 766 competit
1663 737 1675 757 ,
1688 701 1789 748 ficut
1801 718 1873 747 nec
1884 701 2080 751 succeffiva

246 753 313 816 ΕΜ
337 755 444 792 dum--
469 767 633 815 duratio
645 805 658 825 ‚
688 787 781 831 quae
805 772 1076 832 quantitatem
1089 768 1299 832 quandam
1312 775 1354 816 ὃ(
1367 769 1585 816 existentiae
1599 769 1951 816 continuationem
1962 773 2003 815 &
2015 785 2080 832 ve*-

248 810 429 911 2:225*
474 835 551 880 luti
574 835 853 883 extensionem
874 834 974 881 dicit
986 870 998 890 ‚
1027 840 1069 882 δε
1092 852 1179 881 non
1202 835 1277 882 nifi
1300 852 1397 882 cum
1408 836 1590 898 respenu
1603 833 1654 880 ad
1666 848 1836 881 motum
1847 836 2078 898 concipimur,

470 917 561 962 quo
584 918 644 947 res
654 903 730 947 iuae
744 901 952 948 existentes
968 902 1186 947 mensurari
1198 915 1321 963 atque
1332 904 1367 948 ei
1379 903 1505 948 veluti
1516 898 1737 948 co'e'xtendi
1748 901 1889 946 solent.

536 971 558 1011 I
571 972 627 1014 V.
662 969 778 1013 Male
800 984 898 1030 ergo
921 971 1066 1013 Deum
1090 969 1329 1030 concipiunt
1342 1002 1354 1022 ‚
1379 969 1454 1029 qui
1477 980 1626 1030 putant
1649 983 1749 1012 eum
1771 964 1923 1012 diutius
1935 964 2079 1014 duraffi

474 1048 601 1088 nunc,
615 1049 742 1093 quam
756 1025 956 1096 principio
969 1032 1116 1079 mundi
1128 1051 1140 1085 3
1169 1032 1283 1095 quafi
1296 1037 1414 1080 Deus
1437 1035 1639 1079 continuo
1652 1032 1673 1076 a
1685 1033 1722 1078 {e
1733 1031 1819 1095 ipso
1832 1045 2022 1079 crearetur
2040 1038 2080 1080 δε

469 1097 806 1160 reproduceretur
821 1118 830 1144 :
861 1100 923 1144 vel
947 1101 1021 1159 qui
1046 1116 1141 1144 eum
1166 1116 1263 1145 cum
1286 1098 1426 1145 futura
1448 1097 1659 1145 existentia
1683 1099 1930 1160 concipiunt.
1969 1101 2083 1145 Tales

470 1164 582 1207 enirn
606 1180 815 1227 perperam
839 1163 1097 1227 distinguunt
1109 1164 1159 1210 esi
1162 1167 1313 1212 entiam
1326 1166 1407 1211 Dei
1421 1164 1474 1210 ab
1482 1163 1567 1222 ejus
1578 1162 1784 1209 existentia
1796 1195 1810 1217 ‚
1823 1177 1871 1209 ut
1881 1165 1922 1208 in
1934 1172 2080 1211 'creatu-*-

468 1229 535 1281 τίς,
562 1234 605 1274 δε
628 1232 891 1276 aeternitatem
916 1229 1000 1289 ejus
1012 1233 1222 1294 concipere
1234 1230 1435 1276 'conantur
1447 1227 1531 1274 fine
1542 1226 1863 1274 consideratione
1873 1226 2017 1275 divinae
2027 1227 2082 1277 es·

467 1293 601 1340 sentiae
615 1329 627 1349 ,
663 1313 707 1340 ac
730 1294 761 1341 fi
773 1313 817 1340 ea
829 1294 933 1357 quid
945 1293 1036 1341 esset
1047 1310 1192 1358 praeter
1203 1313 1291 1341 eam
1310 1315 1320 1340 ε
1345 1311 1528 1355 cumque
1538 1292 1702 1340 duratio
1714 1296 1852 1340 omnis
1864 1294 1912 1341 fit
1924 1292 2081 1342 affeffio

468 1358 685 1406 existentiae
698 1378 837 1406 rerum
850 1396 863 1415 ‚
878 1378 964 1406 non
977 1362 1079 1407 vero
1094 1379 1233 1408 earum
1245 1358 1414 1407 essentiae
1426 1377 1438 1412 3
1465 1362 1511 1405 in
1521 1363 1620 1407 Deo
1632 1374 1767 1406 autern
1782 1359 1987 1407 existentia
1996 1377 2075 1408 non
2105 1379 2109 1450 ³

467 1422 628 1471 differat
656 1427 706 1473 ab
728 1426 812 1485 ejus
835 1423 993 1472 essentia
1006 1462 1018 1477 ,
1047 1427 1243 1488 sequitur,
1277 1427 1461 1490 perverso
1485 1441 1686 1490 conceptu
1709 1428 1806 1472 Deo
1829 1424 2076 1475 durationem
2105 1460 2107 1473 .

468 1489 724 1537 successivam
738 1497 779 1537 &
794 1491 1010 1539 existentiae
1024 1491 1191 1538 fluxum
1214 1494 1394 1538 attribui.

530 1559 587 1602 V.
622 1560 804 1604 Duratio
815 1572 968 1612 tamen,
994 1572 1192 1619 quatenus
1203 1558 1437 1620 simpliciter
1447 1557 1627 1619 {equitur
1639 1556 1905 1613 existentiam,
1927 1564 1969 1605 δε
1981 1575 2075 1624 qua·
2102 1556 2106 1580 ⁴

463 1633 579 1667 tenus
592 1623 794 1684 quicquid
807 1638 1014 1686 permanet
1025 1628 1067 1669 &
1080 1641 1166 1670 non
1181 1626 1316 1670 interit
1327 1622 1471 1670 durare
1482 1621 1731 1678 dicitur-‚hoc
1742 1625 1852 1669 sensu
1863 1628 1958 1671 Deo
1971 1643 2073 1687 quo-

464 1703 546 1747 que
557 1689 682 1733 tribui
697 1687 806 1751 posse
818 1687 994 1735 videtur.
1027 1695 1135 1737 Vere
1146 1693 1257 1735 enim
1268 1704 1475 1753 permanet
1488 1687 1703 1751 duratque,
1720 1695 1763 1735 &
1775 1689 1942 1751 quidem
1954 1693 2075 1738 verius

466 1768 595 1812 quam
621 1756 702 1799 ulla
715 1772 773 1800 res
784 1769 910 1801 creata
921 1789 934 1809 ‚
963 1755 1029 1800 seu
1053 1754 1277 1807 successiva,
1301 1757 1367 1801 cui
1379 1757 1450 1801 vix
1462 1770 1746 1802 momentanea
1756 1761 2022 1820 permanentia
2032 1762 2071 1804 δε

465 1820 722 1866 continuatio
735 1822 776 1867 in
789 1819 936 1865 eodem
948 1817 1037 1875 esse,
1052 1820 1375 1885 adscribi-potest.

529 1889 571 1931 V
584 1889 619 1932 Ι.
653 1891 832 1932 Duratio
847 1900 983 1933 autem
997 1889 1129 1948 qualis
1138 1889 1180 1932 in
1193 1889 1380 1936 creaturis
1390 1889 1520 1950 vngo
1532 1887 1761 1948 concipitur
1773 1922 1785 1942 ,
1799 1904 1897 1935 cum
1910 1888 2068 1943 existen·
2099 1891 2102 1931 ἔ

462 1950 527 1995 tiae
541 1959 831 1997 continuatione
845 1953 1132 2013 &fitcceffione,
1149 1958 1190 1999 δέ
1204 1970 1372 2017 tempus,
1387 1952 1504 2015 quod
1517 1951 1619 1999 nihil
1631 1953 1744 2000 aliud
1753 1953 1810 2000 est
1823 1971 1948 2016 quam
1960 1957 2069 2008 cossa-

462 2017 524 2061 tio
537 2015 762 2063 durationis
774 2020 828 2063 rei
841 2035 938 2064 cum
953 2017 1168 2065 duratione
1179 2037 1318 2065 rerum
1330 2022 1492 2066 illarum
1507 2055 1519 2071 ‚
1556 2037 1650 2080 quae
1665 2035 1822 2066 certum
1836 2026 1878 2066 &
1891 2020 2067 2073 determi-

460 2096 607 2128 natum
621 2098 789 2129 motum
802 2082 956 2129 habent
970 2119 981 2138 ‚
997 2101 1093 2130 cum
1107 2087 1190 2131 Dei
1203 2085 1449 2148 perfectione
1461 2087 1578 2131 nquo
1591 2084 1724 2132 modo
1737 2089 1936 2149 congruit.
1963 2092 2066 2136 Nam

460 2146 668 2195 existentia
698 2150 788 2194 actu
816 2148 977 2195 infinita
990 2149 1136 2198 eodem
1152 2149 1284 2203 modo
1297 2153 1353 2197 illi
1365 2153 1562 2215 competit
1575 2170 1618 2198 ac
1630 2154 1725 2197 actu
1736 2151 1918 2200 infinitus
1927 2155 2067 2204 intell&
2094 2137 2098 2228 f

461 2214 551 2258 ἃιις
566 2233 575 2258 :
605 2232 699 2276 quae
711 2214 872 2261 infinita
884 2215 1090 2262 existentia
1104 2234 1200 2269 cum
1213 2217 1365 2280 semper
1377 2219 1470 2264 austu
1484 2219 1648 2280 praesens
1663 2217 1710 2265 fit
1720 2252 1733 2272 ,
1753 2232 1875 2280 atque
1886 2218 1981 2266 adeo
1992 2217 2064 2268 fine

462 2279 550 2323 ullo
567 2295 689 2326 motu
703 2296 771 2326 aut
785 2280 1022 2327 successione
1035 2297 1104 2328 aut
1115 2285 1381 2329 innovatione
1393 2285 1552 2346 concipi
1563 2283 1705 2330 debeat
1717 2318 1729 2338 ,
1754 2287 1946 2332 aeternitas
1957 2301 2066 2331 voca-

461 2357 530 2390 tur
545 2364 554 2389 :
580 2363 706 2406 quam
732 2363 817 2391 non
843 2363 885 2391 m
891 2349 947 2392 ale
960 2350 1129 2395 Boetius
1139 2347 1342 2405 definivit,
1355 2351 1698 2398 interminabilem
1709 2352 1801 2398 vitae
1813 2363 1943 2398 totam
1955 2349 2064 2397 fimul

460 2414 503 2455 <Sc
512 2411 734 2472 perfectam
749 2410 1045 2474 poss'ei'sionem.
2091 2445 2094 2463 ι

519 2481 621 2523 VH.
659 2479 773 2522 Maie
783 2495 880 2540 ergo
894 2481 1095 2526 Sociniani
1106 2483 1149 2526 in
1161 2484 1380 2531 aeternitate
1401 2484 1484 2530 Dei
1508 2481 1674 2547 proprie
1699 2498 1826 2547 partes
1857 2496 2062 2544 earumque

452 2540 737 2588 successionem
761 2559 926 2606 ponunt
937 2562 949 2597 ;
977 2547 1080 2606 quin
1105 2551 1147 2592 δί
1173 2564 1333 2610 tempus
1344 2564 1542 2597 aeternum
1555 2548 1630 2596 esse
1643 2551 1791 2596 volunt
1803 2552 2061 2599 &increatum

450 2620 595 2668 Proeter
618 2610 776 2660 Deum.
817 2612 929 2659 Sicut
950 2617 992 2659 &
1017 2611 1208 2663 Vorstius
1232 2613 1448 2664 infinitum
1460 2630 1637 2681 tempus,
1658 2632 1746 2663 non
1757 2615 1974 2725 interrupff}
1985 2614 2061 2660 {uc—
2088 2635 2091 2658 ÷

1893 2695 1934 2726 ce
1962 2691 2062 2735 ione,
