2116 2901
429 114 519 161 208.
745 113 920 159 an.
988 113 1024 157 I.
1091 112 1390 156 CAPUT
1454 107 1774 158 XXXIII.
2027 73 2050 102 Ἥ

435 217 549 246 mam
562 198 802 263 dignitatem
816 211 937 258 atque
948 194 1103 243 divinas
1115 196 1233 260 plane
1246 195 1362 243 dotes
1372 196 1585 242 involvant
1595 228 1612 250 ‚
1637 192 1722 242 fine
1733 209 1880 245 aeterna
1892 199 2049 253 Deitas}

440 267 614 328 accipere
625 280 711 309 non
724 261 914 327 potuisset
927 279 940 314 3
955 276 1002 309 ut
1015 261 1100 308 haec
1111 263 1246 308 rursus
1256 261 1425 308 eandem
1437 263 1479 307 in
1494 259 1665 307 christo
1677 260 1868 310 deitatem
1879 268 2046 333 praesup-

222 341 292 381 Μ,
312 348 372 386 14:
436 344 608 393 ponant.
634 330 840 384 Similiter,
859 327 978 390 quod
991 333 1154 374 Patrem
1154 329 1236 387 sest
1249 328 1445 387 majorem
1455 329 1561 373 dicit.
1578 323 1681 391 Joh.
1702 344 1770 389 14:
1787 330 1855 377 28.
1884 348 1969 378 non
1980 335 2054 388 nas-,2⁸

226 399 291 436 28·
439 394 626 451 turae,sed
638 392 906 456 officii‚atque
918 393 1084 440 humilis
1094 395 1200 439 illius
1212 393 1336 440 status
1348 428 1361 448 ,
1379 411 1468 455 quo
1482 393 1555 438 sese
1565 394 1837 441 exinaniverat
1849 431 1863 451 ,
1877 390 2048 462 respectui

441 459 754 524 intelligendum
767 459 824 506 est
838 479 850 506 ε
876 461 1066 521 loquitur
1076 461 1186 506 enim
1200 459 1257 505 ibi
1270 473 1316 505 ut
1329 457 1507 505 sacerdos
1519 457 1602 516 jam
1615 457 1666 504 ad
1678 477 1787 506 aram
1800 459 1905 508 stans
1917 497 1930 518 ‚
1951 456 2048 524 jam.

443 544 526 588 que
537 528 764 572 moriturus
776 560 787 580 ‚
812 531 856 572 &
867 527 1081 589 procurata
1095 523 1319 571 hominum
1332 527 1452 571 salute
1465 541 1607 571 coram
1619 530 1735 571 Patre
1746 527 2049 590 apparsturusffl

443 609 534 653 quo
546 608 693 638 eorum
705 627 718 644 ,
748 609 841 653 quae
853 594 895 637 in
907 593 1019 638 terris
1030 591 1151 654 ipfius
1162 588 1271 650 jussu
1283 605 1405 652 atque
1421 592 1592 636 nomine
1601 587 1766 654 gesserat
1777 626 1789 647 ‚
1820 596 2050 657 approbatio
2115 620 2116 645 ÷

442 664 486 704 &
499 658 801 704 consummatio
825 656 1072 721 expectanda
1084 657 1204 703 foret.
1238 658 1400 704 Rursus
1411 659 1530 702 etiam
1544 655 1732 702 officium
1745 658 1864 704 suum
1877 660 2051 709 confide.

223 723 288 761 Μ’·
301 733 313 756 ¹
328 731 363 759 ²²
442 739 504 771 rat
515 738 638 785 atque
650 726 776 769 Patris
787 726 966 786 legatum
982 724 1055 768 lese
1066 722 1299 786 profitetur,
1311 739 1407 768 cum
1420 720 1625 786 dicitJoh.
1647 741 1711 770 12:
1726 739 1798 784 44.
1837 728 1926 789 Qi
1939 727 2052 776 credit⁸

226 789 286 825 44·
442 799 483 835 in
495 808 571 841 me,
592 808 670 835 non
684 791 806 835 credit
818 798 859 834 in
873 809 950 844 me,
961 789 1036 847 sed
1042 797 1085 834 in
1097 808 1191 835 eum
1202 798 1274 852 qni
1287 792 1374 850 mfi
1374 805 1391 834 t
1403 806 1464 834 me
1479 807 1489 833 ·.
1506 803 1629 849 atque
1641 790 1773 835 verbis
1784 791 2002 845 illis‚fidem
2012 795 2053 840 in

443 857 516 902 sese
529 872 615 901 non
628 854 770 901 debere
782 852 856 901 esse
867 855 1090 919 separatum
1103 854 1207 916 quid
1219 859 1241 901 a
1255 854 1339 901 fide
1351 852 1701 908 mittentis‚d0cet.
1719 862 1824 918 Qo
1840 860 1883 901 &
1893 861 2056 920 pertinet
2092 864 2094 867 ’

228 941 266 969 1.
283 932 352 966 Pet.
371 938 383 962 ι
395 937 404 965 :
445 920 564 983 quod
588 926 729 967 Petrus
742 922 783 965 in
801 939 817 967 1
826 956 837 967 .
850 920 963 984 epist.
980 920 1130 967 cathol.
1143 939 1178 967 c.
1196 939 1213 968 1
1222 955 1232 964 .
1248 940 1288 967 v.
1305 938 1327 965 2
1337 939 1353 966 1
1362 956 1372 966 .
1397 918 1519 967 habet
1534 939 1543 965 :
1571 926 1648 966 Per
1670 921 1796 984 ipsttm
1819 941 1888 967 nos
1912 927 2054 971 credere

230 998 249 1020 ²
259 995 286 1021 ¹·
443 996 483 1033 in
497 992 649 1033 Deum:
664 1002 751 1032 non
763 989 872 1033 enim
885 987 942 1033 ibi
953 986 1241 1033 subordinatur
1251 989 1359 1033 Patri
1373 1020 1385 1040 ,
1399 999 1467 1031 aut
1480 1001 1622 1032 contra
1633 984 1912 1050 distinguitur,
1939 1003 1984 1036 ut
1995 989 2054 1037 di·

447 1053 609 1100 versum
636 1051 733 1098 fidei
745 1052 960 1112 obje&um
975 1089 987 1108 ‚
1015 1051 1079 1099 sed
1092 1067 1185 1098 tum
1198 1052 1306 1100 ordo
1319 1052 1693 1114 personarum‚tum
1706 1052 1894 1101 officium
1906 1053 2055 1103 Christi

227 1114 360 1154 Mmh·
447 1117 683 1166 attenditur.
731 1118 867 1180 Qod
889 1134 1025 1166 autem
1048 1119 1128 1181 ipse
1151 1122 1338 1165 Servator
1361 1116 1466 1164 dixit
1512 1117 1669 1164 Matth.
1697 1136 1766 1165 20:
1795 1136 1817 1164 2
1826 1137 1858 1181 ς.
1890 1124 1988 1167 Non
2009 1120 2057 1184 est

232 1182 298 1208 ²⁰³
318 1184 336 1206 ²
345 1181 362 1216 3
370 1197 379 1208 ·
445 1203 584 1233 meum
605 1185 702 1230 dare
723 1184 851 1239 vobis,
863 1187 999 1244 fi’dere
1010 1186 1066 1231 ad
1086 1186 1274 1231 dextram
1287 1191 1422 1231 Patris
1434 1201 1446 1236 3
1465 1201 1550 1229 non
1563 1183 1719 1230 Christi
1730 1185 1967 1249 potestatem
1978 1187 2058 1251 spe·

452 1253 551 1304 ἑὶειῖ,
573 1265 708 1311 neque
719 1268 763 1297 ea
775 1265 943 1314 negatur
957 1272 967 1298 ε
994 1267 1090 1298 nam
1101 1249 1185 1309 jam
1198 1266 1310 1298 antea
1321 1250 1524 1314 discipulis
1534 1248 1704 1296 eandem
1717 1251 1956 1315 dignitatern
1968 1269 2061 1317 pro-⁶

451 1317 625 1363 miserat.
660 1319 733 1362 Vos
756 1324 827 1379 qus‘
844 1316 1006 1380 ftquuti
1029 1317 1116 1375 estis
1137 1334 1201 1361 me
1212 1352 1224 1368 ‚
1252 1335 1381 1380 quum
1399 1318 1546 1375 fiderit
1557 1318 1681 1362 Filius
1693 1317 1862 1362 hominis
1874 1326 1914 1362 in
1928 1320 2060 1367 throno

440 1381 667 1446 gloriaefiaae‚
687 1381 868 1441 sedebitis
879 1391 1002 1429 ctiam
1013 1392 1055 1429 in
1070 1381 1219 1428 thronis
1231 1384 1449 1436 duodecim,
1468 1384 1700 1446 judicantes
1714 1383 1917 1431 duodecim
1941 1385 2062 1433 tribui

447 1447 588 1505 lsrael.
625 1446 782 1494 Matth.
805 1465 871 1506 19:
889 1451 956 1496 28.
1003 1447 1068 1495 sed
1080 1464 1148 1493 eos
1160 1448 1312 1511 respicit
1325 1449 1474 1508 quibus
1487 1447 1567 1495 hoc
1579 1445 1764 1495 dandum
1777 1465 1858 1498 erat
1872 1484 1884 1504 ‚
1909 1453 2061 1512 quique

450 1512 676 1558 nesciebant
699 1511 803 1575 quid
826 1529 1005 1575 peterent
1018 1549 1031 1569 ,
1055 1519 1098 1559 &
1122 1513 1314 1560 nondum
1338 1514 1495 1576 peracta
1519 1516 1657 1577 pugna
1670 1514 1902 1578 triumphos
1914 1519 2062 1580 cogitaz

450 1578 551 1626 bant
563 1597 572 1623 :
588 1594 674 1624 non
688 1580 799 1625 enim
811 1577 924 1635 dicit,
937 1597 1024 1626 non
1036 1580 1093 1626 est
1105 1598 1257 1635 meum,
1269 1578 1335 1625 sed
1346 1583 1479 1626 Patris
1496 1597 1507 1632 3
1538 1579 1603 1625 sed
1616 1581 1703 1626 satis
1713 1582 1911 1637 clare‚non
1923 1583 1973 1643 est
1983 1599 2063 1634 me·⁴
2089 1627 2091 1630 ,

450 1662 526 1690 um
536 1644 633 1690 dare
644 1644 771 1699 vobis,
783 1642 850 1689 sed
860 1654 905 1692 εἰς
918 1645 1062 1709 quibus
1074 1645 1099 1691 ἐι
1113 1651 1236 1692 Patre
1241 1661 1513 1709 praeparatum
1527 1645 1601 1702 est,
1607 1660 1729 1707 atque
1739 1663 1790 1692 eo
1802 1646 1935 1694 modo
1947 1662 2062 1710 atque

451 1708 597 1755 ordine
609 1726 697 1770 quo
710 1715 826 1757 Pater
835 1726 1136 1774 praeparaverat.
1799 1771 1803 1776 .

235 1793 297 1832 Aa
307 1791 405 1829 rium
519 1779 702 1823 XLVII.
738 1779 884 1841 Qaeri
896 1775 961 1822 hic
976 1780 1097 1823 etiam
1110 1778 1222 1832 solet,
1234 1795 1289 1823 an
1300 1779 1480 1839 Filiusstt
1504 1788 1657 1837 κύἵρθεὶς.
1689 1777 1808 1840 quod
1832 1779 2062 1827 Valentinus

234 1844 392 1905 fftfivss·
454 1842 633 1889 Gentilis
643 1856 785 1888 contra
795 1844 1021 1888 Calvinum
1036 1844 1203 1906 negabat
1214 1878 1227 1894 ,
1264 1847 1426 1888 Patrem
1437 1841 1732 1891 effentiatorem
1746 1879 1758 1900 ‚
1782 1847 1929 1891 Filium
1944 1842 2064 1890 effen-1

239 1900 308 1948 2¹⁰5
322 1902 337 1939 ·’
454 1909 604 1955 tiatum
627 1923 775 1953 vocans
786 1924 798 1959 3
816 1906 918 1956 ficut
928 1913 969 1954 δε
982 1910 1265 1962 Bellarminus,
1289 1899 1454 1969 aliisque
1466 1910 1674 1957 Pontificii
1686 1927 1736 1956 eo
1749 1913 1919 1957 nomine
1930 1912 2063 1957 Calvi-

455 1989 562 2020 num
573 1975 776 2035 exagitant
788 2007 801 2028 ‚
814 1978 857 2019 &
869 1991 1023 2020 novam
1037 1978 1074 2020 A
1083 1973 1426 2021 uto-theatiorum
1438 1973 1604 2021 haerefin
1619 1975 1797 2038 fingunt,
1823 1978 2006 2038 quamvis
2017 1977 2064 2023 ab

455 2056 500 2086 ea
512 2038 590 2101 ipse
601 2040 869 2085 Bellarminus
880 2041 973 2086 alibi
985 2056 1059 2086 nos
1069 2041 1222 2087 liberet.
1259 2045 1368 2099 Qae
1381 2041 1654 2088 controversia
1665 2041 1848 2105 deinceps
1859 2045 1960 2088 inter
1970 2044 2063 2088 Go-

457 2121 621 2153 marum
644 2108 688 2151 &
711 2106 954 2151 Arminium
976 2123 1150 2168 quoque
1174 2118 1290 2151 mota
1311 2104 1368 2151 est
1379 2139 1393 2160 ,
1438 2111 1483 2153 ὃε
1505 2105 1600 2154 inde
1624 2107 1675 2154 ad
1698 2105 1768 2168 huj
1776 2125 1820 2154 us
1841 2104 2064 2154 successores

456 2168 627 2217 tranfiit.
2056 2178 2060 2188 '

522 2238 726 2283 XLVIII.
761 2240 879 2282 Cum
904 2251 1041 2284 autem
1064 2239 1188 2285 Filius
1209 2234 1380 2284 eandem
1403 2235 1605 2286 essentiam
1629 2238 1771 2286 habeat
1795 2257 1922 2302 quam
1935 2245 2066 2294 Paten-

456 2317 553 2363 quae
575 2302 735 2364 prorsus
748 2303 770 2347 a
783 2303 819 2348 se
830 2303 912 2364 ipsa
924 2303 982 2349 est
994 2337 1008 2358 ‚
1034 2319 1107 2349 nec
1118 2305 1169 2349 ab
1182 2305 1261 2350 alio
1277 2299 1351 2348 effe
1362 2303 1495 2366 potest
1508 2340 1520 2360 ,
1545 2321 1722 2366 quaeque
1734 2322 1807 2352 nec
1818 2307 1949 2369 genita
1962 2340 1974 2361 ‚
1996 2311 2064 2351 nez-⁴.

456 2382 600 2421 creata,
615 2383 688 2413 nec
700 2368 786 2413 ullo
799 2366 931 2413 modo
944 2367 1146 2431 producta
1157 2369 1216 2416 est
1230 2386 1241 2421 3
1257 2384 1438 2429 cumque
1448 2370 1527 2432 ipse
1542 2369 1591 2415 fit
1604 2371 1710 2417 solus
1720 2372 1785 2416 ille
1797 2376 1840 2417 &
1854 2387 1968 2418 verus
1979 2373 2064 2417 De-

460 2449 522 2487 us,
546 2437 590 2478 &
613 2444 705 2488 ιευτὲς
729 2445 797 2493 θεὸς
813 2472 822 2487 ,
857 2434 932 2497 ipst’
956 2440 1085 2490 Deus,
1109 2422 1288 2484 &off-{³5³
1314 2435 1387 2466 ΜΠ
1421 2437 1551 2483 Deut.
1565 2451 1607 2496 4:
1625 2452 1688 2499 35,
1706 2455 1769 2499 39.
1796 2438 1900 2484 Esai.
1913 2452 1943 2497 4
1952 2451 1986 2495 5:
2004 2435 2066 2482 18·-

457 2496 541 2545 hoc
551 2497 720 2559 quidem
732 2501 910 2562 respectu
923 2500 1076 2547 merito
1089 2500 1238 2548 dicitur
1260 2498 1420 2542 dvsssazg,
1447 2499 1527 2548 hoc
1540 2502 1597 2548 est
1611 2537 1622 2556 ‚
1649 2504 1770 2565 perse
1782 2520 1825 2549 ac
1836 2502 1929 2548 vere
1943 2502 2064 2547 Deu's'i

459 2579 701 2627 quanquam
709 2567 889 2631 personae
901 2566 1096 2631 respectu,
1111 2571 1155 2616 &
1166 2581 1365 2630 quatenus
1376 2569 1499 2616 Filius
1509 2568 1566 2617 est
1577 2604 1590 2625 ‚
1623 2583 1742 2631 atque
1753 2569 1828 2616 isto
1843 2554 2067 2679 subfistegd'i

1926 2648 1996 2678 mo
2024 2648 2064 2685 o,
