2116 2901
220 143 306 188 DE
341 143 728 188 SCRIPT‘URAE
763 140 1032 184 DIVINAE
1069 140 1546 184 AucT0R1TA-rn.
1649 153 1693 201 323

76 221 244 282 effestus
266 240 388 288 atque
408 227 661 288 operationes
673 227 886 287 Scripturae
910 221 1167 269 divinitatem
1191 224 1297 268 illius
1312 221 1536 271 ostendunt
1548 241 1559 276 3
1573 239 1695 286 atque

79 289 182 340 adeo
208 290 281 338 fibi
303 291 375 354 ipsi
388 290 673 337 testimonium
686 290 836 353 praebet
849 323 862 343 ,
875 306 962 334 non
976 288 1277 343 auctoritative,
1290 287 1355 334 scd
1365 291 1658 337 ratiocinative.

143 360 183 402 X
196 360 250 403 X.
284 357 453 403 Instant.
490 358 598 419 Qis
611 370 746 402 autem
760 369 888 400 certos
901 371 976 401 nos
987 352 1127 400 reddet
1140 388 1152 407 ,
1167 369 1255 398 non
1267 370 1394 399 errare
1407 370 1481 399 nos
1493 357 1532 400 in
1549 354 1694 402 discer-

75 420 214 468 nendis
227 421 308 469 istis
321 426 360 470 S.
377 425 589 485 Scripturae
605 423 735 467 notis?
748 421 872 483 Resp.
888 424 976 466 Dat
990 419 1110 465 nobis
1123 423 1239 465 Deus
1251 433 1367 465 notas
1381 420 1463 465 illas
1476 418 1694 472 discernere

77 485 215 538 eadem
240 489 366 551 gratia
390 493 433 533 &
455 489 756 534 illuminatione
767 490 835 548 Sp.
849 489 887 532 S.
902 503 984 546 qua
997 501 1073 530 nos
1084 484 1176 531 facit
1188 487 1387 547 percipere
1399 486 1523 547 ipsam
1535 483 1693 533 doetri-

75 567 172 599 nam
184 587 197 608 ,
233 569 309 615 pro
333 554 440 599 varia
465 554 650 598 mensura.
673 553 945 613 intelligentiae
969 554 1120 611 cuique
1142 550 1338 596 concessa.
1373 553 1564 598 Similiter
1588 571 1632 599 ac
1643 571 1692 604 o-,

74 618 149 666 lim
162 652 174 671 ,
201 635 296 664 cum
320 636 404 665 vox
428 621 510 665 Dei
523 621 613 664 viva
625 618 783 663 sonaret
793 616 1045 671 Patriarchis‚
1058 632 1147 661 non
1159 615 1455 662 discernebatur
1467 619 1532 662 illa
1545 620 1567 663 ὲ
1579 632 1690 665 certo

78 681 262 744 quodam
287 685 508 738 tribunali,
533 683 598 730 sed
621 684 702 746 ipsa
722 684 834 730 tanta
847 683 1013 728 sonabat
1026 679 1200 727 efficacia
1214 716 1225 735 ‚
1251 696 1298 727 ut
1309 680 1498 729 divinitas
1510 682 1594 744 ejus
1607 683 1690 732 fine

75 749 156 793 ulla
167 747 422 796 dubitatione
433 748 672 803 crederetur,
686 765 759 794 nec
771 763 902 794 metus
914 745 1005 793 effet
1017 746 1214 793 illufionis
1225 746 1449 794 diabolicae.

138 817 178 859 X
191 818 230 859 Χ
244 819 278 861 Ι.
311 816 446 861 Porro
471 829 606 861 autem
631 814 833 873 objiciunt
845 848 857 868 ‚
886 815 1108 875 Scripturas
1123 814 1338 875 multiplici
1361 815 1465 858 vitio
1489 813 1685 871 laborare,

77 879 278 940 ‚quosdam
303 882 427 927 libros
452 882 474 926 ὲ
500 881 609 925 {acro
623 879 761 926 codice
772 878 1026 942 deperditos,
1051 892 1212 924 textum
1223 874 1298 923 effe
1309 893 1554 941 corruptum
1568 914 1580 934 ‚
1594 898 1685 927 ver-

76 944 206 994 fiones
229 944 374 992 infidas
387 951 429 992 δε
441 949 620 999 incertas,
636 962 708 990 nec
721 943 807 990 dari
818 947 927 990 viam
939 979 951 995 ‚
968 961 1050 1004 qua
1065 943 1235 1007 fimplex
1247 941 1502 991 Christianus
1513 950 1684 1009 proprio

81 1012 244 1074 ingenio
269 1029 317 1057 ex
342 1010 445 1058 hisce
468 1010 602 1057 dubiis
614 1011 649 1056 se
662 1012 852 1056 extricare
863 1007 986 1072 poffit
1002 1029 1011 1054 z
1036 1024 1082 1055 ut
1095 1011 1147 1055 ita
1161 1011 1224 1055 vel
1236 1011 1387 1056 invitos
1399 1009 1449 1056 ad
1462 1013 1684 1060 auctorita.

74 1090 158 1121 tem
183 1076 369 1130 [cclefiae
383 1075 676 1139 agnoscendam
690 1093 765 1122 nos
776 1077 1033 1138 compellant.
1058 1075 1181 1138 Resp.
1193 1093 1209 1121 1
1218 1110 1228 1121 .
1240 1074 1597 1138 Distinguendum
1609 1077 1689 1126 effe·

72 1144 114 1188 in
127 1146 164 1188 S.
181 1144 382 1205 Scriptura
394 1145 497 1190 inter
509 1141 770 1187 stibstantiam
783 1139 1117 1202 ejus,doetrinam
1131 1157 1278 1204 nempe
1289 1142 1437 1186 sacram
1450 1176 1463 1196 ‚
1498 1147 1541 1187 <Sc
1563 1145 1687 1192 verba

69 1206 325 1254 fundamenti
349 1226 392 1254 ac
414 1207 578 1254 foederis
590 1208 732 1258 Dei,&
744 1210 851 1252 inter
872 1220 1034 1252 externa
1046 1205 1119 1251 ista
1131 1204 1364 1264 adjumenta
1376 1224 1420 1252 ac
1431 1223 1595 1269 organa,
1611 1226 1682 1272 per

71 1290 164 1334 quae
188 1274 254 1318 illa
277 1272 465 1319 doctrina
478 1272 718 1319 hominibus
729 1274 1060 1318 communicatur
1073 1305 1085 1325 ‚
1098 1274 1232 1333 qualia
1245 1273 1336 1319 sunt
1348 1271 1422 1335 ipfi
1434 1274 1526 1318 libri
1539 1278 1578 1320 S.
1592 1293 1682 1322 ver-

70 1338 199 1386 fiones
211 1373 223 1393 ‚
249 1344 290 1385 δε
317 1338 600 1401 quodcunque
613 1336 838 1384 hominum
852 1340 954 1383 circa
966 1339 1032 1382 illa
1043 1337 1329 1384 ministerium.
1364 1340 1572 1385 Doctrina
1584 1343 1678 1404 ipsa,

68 1409 112 1450 δε
136 1403 214 1450 hoc
237 1406 410 1451 verbum
433 1407 515 1450 Dei
540 1406 686 1449 vivum
697 1440 709 1455 ‚
741 1404 816 1450 sese
839 1404 972 1465 ipsum
985 1402 1178 1458 ostendit,
1191 1409 1233 1449 ὃ(
1247 1403 1439 1450 cordibus
1450 1406 1677 1454 electorum

67 1486 136 1534 per
159 1473 437 1533 operationem
459 1474 525 1532 Sp.
539 1474 577 1516 S.
601 1483 788 1532 potenter
798 1468 1000 1524 insinuat,
1024 1486 1111 1514 non
1124 1468 1311 1515 obstante
1321 1468 1483 1516 defeetu
1495 1473 1559 1516 vel
1570 1475 1676 1518 vitio

67 1553 318 1597 quocunque
340 1539 380 1582 in
406 1538 566 1599 organis
587 1534 670 1580 istis
692 1536 877 1581 externis.
910 1539 1016 1581 Non
1029 1537 1138 1580 enim
1153 1536 1288 1580 abillis
1301 1533 1400 1581 fides
1412 1538 1475 1581 vel
1487 1537 1584 1583 salus
1598 1554 1679 1584 no..

63 1600 141 1647 stra
166 1602 310 1664 pendet
323 1637 334 1656 ‚
359 1601 425 1647 fed
437 1604 459 1647 ὲ
469 1601 658 1647 doctrina
670 1603 749 1663 ipsa
771 1603 818 1646 iis
842 1614 1044 1647 contenta.
1083 1605 1231 1662 Atque
1252 1599 1334 1647 hoc
1357 1603 1479 1664 Ρειᾶο
1503 1602 1677 1666 simplex

63 1665 316 1714 Christianus
339 1666 500 1714 audiens
523 1665 728 1730 praedicari
740 1664 958 1712 Christum
971 1665 1232 1719 crucifixum,
1246 1680 1332 1712 tam
1344 1681 1533 1730 potenter
1544 1671 1673 1716 verbo

65 1750 116 1780 eo
138 1731 352 1788 afficietur,
381 1749 428 1781 ut
449 1732 631 1780 absolute
656 1731 706 1778 de
728 1749 778 1777 eo
802 1746 930 1778 certus
942 1731 1104 1778 futurus
1116 1732 1188 1785 sit3
1205 1731 1277 1779 etsi
1289 1749 1360 1778 nec
1372 1734 1502 1795 graece
1516 1751 1588 1780 nec
1600 1733 1673 1781 he-

64 1799 194 1845 braice
218 1801 374 1846 noverit
385 1835 397 1851 ,
425 1804 468 1844 δέ
481 1799 655 1845 verbum
678 1814 748 1861 per
760 1796 948 1844 homines
959 1797 1137 1845 fallibiles
1149 1798 1222 1861 ipsi
1246 1797 1511 1862 praedicatum
1523 1800 1670 1848 fuerit:

65 1879 186 1925 atque
206 1867 247 1910 vi
269 1866 372 1910 illius
392 1866 558 1911 luminis
577 1864 777 1926 superabit
788 1865 929 1909 omnia
941 1862 1065 1910 dubia
1077 1898 1089 1918 ,
1106 1880 1200 1925 quae
1212 1866 1276 1911 vel
1288 1862 1547 1911 do&iffimos
1560 1884 1673 1912 exer-

62 1945 172 1982 cent3
187 1929 299 1987 juxta
312 1932 477 1993 paetum
484 1929 658 1995 Jehovae
671 1943 806 1975 ratum
824 1949 834 1974 :
860 1930 1010 1976 Iudam
1023 1932 1120 1992 leges
1132 1948 1241 1977 meas
1253 1930 1431 1976 cordibus
1441 1949 1579 1977 eorum
1590 1966 1603 1986 ‚
1622 1940 1671 1987 (ᾖν

60 1996 256 2041 mentibus
277 1999 444 2060 ipsorum
454 1996 663 2055 inscribam
675 2013 755 2041 eas.
788 1995 920 2040 Hebr.
936 2012 998 2041 10:
1015 2005 1074 2042 16.
1091 2000 1231 2042 Erunt
1242 1998 1352 2042 enirn
1365 1997 1487 2046 edoffl
1498 2015 1631 2044 omnes
1643 1997 1672 2045 ιὶ

58 2066 158 2108 Deo.
185 2060 285 2126 Joh.
301 2072 340 2108 6:
355 2078 426 2122 45.
463 2080 500 2108 2.
515 2061 591 2108 Sed
602 2067 645 2107 &
655 2063 798 2124 reponi
811 2059 896 2106 haec
908 2060 1091 2121 objectio
1105 2060 1331 2108 adversariis
1344 2076 1542 2114 meretur3
1571 2080 1667 2111 nam

58 2130 244 2175 Concilia
258 2162 269 2181 ,
295 2127 550 2184 Pontificum
562 2126 718 2174 decreta
731 2162 743 2181 ‚
757 2128 913 2188 aliaque
926 2127 1077 2187 quibus
1089 2128 1273 2190 ipsorum
1286 2127 1386 2174 fides
1398 2130 1668 2182 innititur,vel

56 2194 233 2240 maxime
247 2195 451 2248 incerta,&
463 2195 692 2257 plurimiun
705 2191 955 2255 supposititia
967 2193 1058 2238 sunt
1071 2215 1084 2237 .·
1098 2208 1221 2254 atque
1234 2194 1466 2240 universum
1479 2195 1666 2242 Ecclefiae,

56 2258 322 2311 ministerium
333 2294 348 2314 ,
382 2263 447 2306 cui
470 2274 608 2306 tamen
631 2260 791 2321 plebem
813 2257 1090 2305 Christianam
1116 2258 1343 2322 astringunt
1367 2265 1411 2306 &
1434 2260 1666 2320 subjiciunt,

54 2326 173 2373 etiam
197 2325 358 2371 fallibile
368 2324 439 2372 est.
475 2323 607 2373 Unde
617 2341 715 2389 ergo
729 2323 931 2371 certitudo
945 2323 1042 2370 fidei
1054 2323 1161 2387 apud
1174 2324 1415 2372 adversarios
1429 2329 1443 2373 ζ
1481 2330 1574 2373 Nos
1588 2344 1663 2373 au-

54 2405 138 2439 tem
162 2391 272 2439 facile
293 2407 367 2437 nos
389 2390 625 2455 expedimus
638 2425 649 2445 ‚
663 2389 842 2437 dicentes
853 2389 1087 2437 doetrinam
1099 2391 1247 2437 sacram
1260 2394 1300 2437 vi
1314 2393 1381 2438 sua
1394 2393 1558 2455 propria
1572 2394 1664 2455 pol-

53 2459 132 2504 lere
144 2492 156 2511 ‚
180 2461 221 2502 &
245 2454 451 2504 defectum
475 2473 728 2520 organorum
755 2456 934 2520 superare
947 2491 960 2511 ‚
994 2461 1037 2503 &
1060 2457 1151 2503 licet
1175 2474 1244 2519 per
1269 2456 1458 2504 homines
1483 2457 1664 2504 fallibiles

54 2521 308 2588 praedicatam
319 2558 332 2575 ,
349 2536 483 2569 tamen
497 2525 656 2587 plenam
670 2523 727 2569 sui
741 2520 867 2569 fidem
884 2524 925 2568 in
937 2520 1128 2569 cordibus
1141 2521 1329 2569 fidelium
1343 2524 1480 2570 facere.

116 2591 156 2639 X
167 2591 205 2638 X
217 2591 238 2637 I
250 2592 283 2638 Ι.
327 2595 535 2655 Qaerunt
547 2589 712 2637 ulterius
726 2607 736 2638 ι
750 2587 860 2637 unde
870 2589 990 2638 sciam
1001 2587 1097 2704 ho}
1091 2590 1154 2636 vel
1166 2590 1255 2637 illos
1266 2590 1392 2638 libros
1403 2591 1604 2702 §.Scripgiii
1610 2607 1663 2663 rae

1087 2675 1090 2684 “
1603 2672 1664 2701 vl-
