2116 2901
323 139 398 186 DE
435 130 688 187 ominus
724 133 1026 187 Cum-rmum
1064 155 1119 187 iu
1155 154 1347 190 spi-:ems
1539 158 1620 204 291

89 220 222 272 XXV.
257 218 330 266 Re
342 219 420 282 ipss
443 234 545 265 vero
558 218 580 264 ὲ
593 219 714 265 nobis
724 217 888 267 definiri
901 220 1058 281 nequit,
1075 237 1126 266 an
1138 223 1295 268 coelum
1310 220 1390 268 hoc
1403 224 1629 270 terminum
1657 234 1673 267 1
1686 228 1838 280 ndefim}

31 289 180 342 habeat,
203 302 275 332 nec
288 301 362 336 ne3
380 301 428 330 an
443 286 600 331 coelum
615 283 816 331 sidereum
829 283 1101 346 undiquaque
1113 287 1267 333 ambiat
1280 321 1292 342 ,
1307 304 1356 334 an
1370 304 1469 334 vero
1481 306 1531 335 ex
1544 306 1635 352 par-
1653 297 1730 322 ΜΨ
1756 284 1848 323 nobi:

29 371 70 405 te
79 372 91 409 3
107 360 147 402 &
162 369 211 399 an
222 365 362 399 totum
377 352 594 397 beatorum
609 348 852 397 habitationi
865 348 1113 397 destinatum
1128 351 1178 398 fit
1191 387 1203 407 ,
1218 370 1268 398 an
1281 370 1380 400 vero
1392 371 1444 400 ex
1457 353 1639 415 quadarn
1658 340 1714 387 ‘st’

30 423 86 471 sui
96 433 203 485 parte
215 418 378 464 solum}
416 421 562 478 Atque
586 433 638 462 ex
661 418 810 464 mentis
822 415 972 463 nostrae
986 416 1242 480 praejudici0‚
1270 436 1364 481 quae
1380 421 1429 466 ab
1443 423 1562 466 omni
1577 423 1641 466 in-

31 487 198 537 definito
211 489 252 531 &
266 482 585 531 indeterminato
597 480 792 530 abhorret
804 517 818 539 ‚
851 487 895 530 δε
907 500 1046 531 rerum
1071 486 1273 531 te'rminos
1288 484 1494 548 pervidere
1504 487 1641 549 gestit,

32 568 168 601 ortum
188 550 244 598 est
256 584 271 605 ,
309 551 466 596 coelum
489 548 572 595 hoc
596 563 645 596 ut
668 547 874 598 astrorum
887 551 1000 613 ignes
1015 554 1057 594 &
1069 551 1218 613 globos
1229 550 1500 612 undiquaque
1512 555 1644 598 incin-

32 637 123 685 gens
133 654 146 675 ,
179 632 300 679 atque
313 618 514 662 ultimum
526 613 755 662 deficientis
767 631 921 662 naturae
935 618 1165 662 terminum
1179 618 1370 679 cogitare.

93 688 248 733 XXVI.
284 680 523 728 Conditum
546 683 668 728 etiam
691 680 774 728 hoc
797 681 864 728 die
886 679 1052 728 videtur
1076 683 1245 734 coelum,
1273 683 1317 727 in
1331 698 1420 744 quo
1434 681 1640 729 stellarum
1662 695 1796 732 Coelum

34 752 145 799 orbes
165 752 392 798 volvuntur
403 783 416 803 ,
442 764 524 794 una
535 764 634 794 cum
648 750 757 794 coelo
769 746 923 794 infimo
947 746 1029 794 sive
1041 754 1162 794 a'e'reo
1174 782 1188 803 ‚
1223 765 1318 810 quae
1331 750 1480 811 pariter
1491 749 1640 795 extenfi
1651 749 1820 800 fidenam

35 817 112 866 five
123 815 281 881 expansi
293 816 463 861 nomine
474 817 516 860 in
530 816 748 878 Scripturis
756 816 944 861 veniunt.
976 817 1087 878 Opus
1098 832 1300 863 manuum
1313 820 1396 863 Dei
1409 816 1559 863 indicat
1570 834 1641 863 ex·
1662 805 1707 868 &T
1720 808 1858 867 ‘'m“‚n'

34 884 210 951 panfitm.
247 883 346 929 Psal.
365 899 433 940 19:
453 898 488 928 1.
524 883 638 928 Gen.
654 899 685 927 1:
704 882 795 929 6-8.
1661 869 1845 951 ‘nef-pf*

96 953 273 998 XXVII.
312 951 385 994 An
409 949 566 994 coelum
590 945 671 993 hoc
695 946 898 994 sidereum
924 948 1124 994 terminos
1136 945 1294 1002 habeat,
1308 963 1382 993 nec
1395 963 1461 1002 ne,
1473 947 1593 1009 aeque
1608 949 1641 993 i-
1660 928 1797 1018 {ziam

37 1031 260 1081 gnoramus3
277 1031 374 1061 cum
386 1015 588 1060 incertum
602 1013 722 1060 nobis
735 1012 852 1069 fit,an
865 1015 975 1059 coelo
986 1030 1202 1077 empyraeo
1214 1012 1403 1075 undique
1415 1012 1640 1069 claudatur,
1661 1023 1750 1061 Coeli
1771 1019 1860 1069 fide-

39 1099 88 1131 an
99 1081 196 1128 vero
210 1082 345 1143 aliqufi
357 1080 416 1126 sui
427 1094 539 1143 parte
552 1080 812 1143 super-extet,
831 1085 873 1126 δε
885 1081 928 1125 in
940 1081 1192 1126 immensum
1206 1093 1352 1143 pateat.
1660 1079 1705 1117 rei
1718 1080 1840 1116 termi-

99 1151 298 1196 XXVIII.
334 1148 481 1193 Multo
507 1148 645 1192 minus
668 1145 846 1210 figuram
858 1144 944 1205 ejus
955 1144 1227 1193 determinare
1238 1147 1344 1201 licet,
1358 1162 1452 1207 quae
1467 1144 1549 1191 fine
1560 1159 1640 1192 ter·
1659 1146 1714 1171 ”⁰³
1726 1130 1828 1180 &fi‘

43 1216 155 1263 minis
177 1231 226 1261 ne
238 1216 397 1276 concipi
410 1211 582 1274 quidem
595 1213 743 1277 potest.
779 1217 983 1274 Cumque
995 1226 1183 1275 praeterea
1195 1213 1363 1258 materia
1375 1213 1469 1257 coeli
1482 1211 1531 1258 fit
1545 1211 1640 1256 flui-
1654 1186 1859 1281 ξεῖζῑίζ

42 1281 104 1337 da,
125 1298 216 1343 quae
241 1282 290 1327 ab
312 1280 516 1326 ambiente
539 1295 713 1343 corpore
734 1279 869 1326 solum
893 1277 1097 1342 figuretur
1108 1312 1121 1333 ‚
1159 1294 1202 1324 ac
1226 1278 1348 1324 nobis
1370 1278 1566 1340 ignotum
1590 1276 1641 1324 sit
1659 1311 1724 1335 „m
1749 1297 1856 1347 P0ffi⁴·

44 1347 253 1410 quodnam
276 1362 425 1410 corpus
448 1348 603 1393 coelum
627 1344 708 1392 hoc
731 1347 925 1409 amplexu
936 1344 1010 1390 suo
1023 1343 1217 1407 stringat,
1230 1348 1334 1390 &an
1346 1357 1503 1397 totum,
1526 1359 1575 1388 an
1589 1360 1640 1389 ex
1660 1365 1748 1391 mus.

46 1427 149 1478 parte
171 1414 303 1460 solum
329 1414 481 1460 ambiat
492 1448 505 1469 ,
540 1419 584 1460 ὃ(
596 1413 724 1475 qualis
736 1410 838 1460 illud
849 1410 981 1478 ipsum
995 1409 1140 1476 figurae
1153 1408 1203 1457 fit
1215 1445 1229 1463 ,
1265 1406 1513 1474 impoffibile
1525 1409 1644 1455 nobis

47 1479 103 1527 est
113 1482 205 1527 coeli
216 1480 355 1527 stellati
368 1478 548 1543 figuram
561 1478 781 1544 designare.

105 1548 257 1595 XXIX.
292 1547 488 1594 Alterum
502 1548 625 1609 primi
636 1546 716 1593 diei
728 1562 832 1610 opus
843 1543 900 1593 est
913 1559 1037 1600 terra,
1055 1561 1144 1607 quo
1157 1544 1330 1591 nomine
1342 1546 1385 1589 δε
1397 1559 1512 1605 aquae
1524 1557 1645 1588 com-
1663 1537 1848 1580 ΤΡ-ΒΜ.

46 1612 233 1678 prehendi
245 1613 384 1659 solent.
407 1617 487 1659 Sex
498 1611 633 1660 diebus
633 1615 735 1674 fecit
747 1619 949 1661 Dominus
961 1616 1101 1659 coelum
1114 1619 1161 1665 ξφ
1176 1627 1343 1656 terram.
1356 1608 1521 1671 Exod.3
1531 1625 1547 1654 1
1558 1628 1567 1654 ι
1577 1626 1643 1671 17.

17 1723 19 1729 ,
49 1683 110 1728 Tu
119 1681 245 1742 fecisti
267 1682 409 1726 coelum
433 1686 481 1733 (ἑν
494 1695 660 1725 terram.
700 1697 738 1726 2.
755 1682 867 1742 Reg.
890 1695 957 1736 19:
978 1693 1042 1737 15.
1076 1683 1242 1724 Manus
1255 1693 1345 1722 mea
1350 1676 1552 1736 fundavit
1565 1690 1647 1720 ter-

50 1756 150 1801 ra'm,
163 1753 210 1800 ὠ
223 1748 365 1795 dextra
379 1763 468 1792 mea
481 1747 598 1808 quast
597 1749 745 1809 palmis
758 1747 938 1792 extendit
949 1746 1105 1790 coelnm.
1142 1742 1247 1789 Esai.
1261 1743 1336 1802 48:
1356 1758 1416 1802 13.
1462 1744 1562 1786 Erat
1575 1757 1646 1785 au·

52 1825 131 1859 tem
141 1825 239 1858 terra
251 1847 263 1867 ‚
287 1827 334 1860 ut
345 1811 505 1859 videtur
515 1845 528 1866 ‚
553 1813 669 1873 aquis
679 1810 866 1872 undique
877 1808 1118 1855 circumfusa
1140 1806 1222 1854 hoc
1234 1806 1315 1862 die,
1339 1823 1427 1852 non
1440 1823 1538 1852 vero
1550 1822 1648 1851 cum

55 1878 97 1923 iis
116 1877 298 1933 confusa,
335 1883 377 1924 ὃς
401 1877 647 1924 coeuntibus
670 1877 883 1938 utriusque
906 1876 1098 1922 elementi
1110 1875 1311 1938 particulis
1322 1874 1449 1919 veluti
1462 1874 1591 1917 mixta
1604 1887 1649 1917 ac

57 1958 264 1999 macerata,
297 1960 441 1991 verum
454 1945 507 1991 ita
533 1957 582 1990 ut
602 1945 645 1988 in
659 1941 819 1989 diluvio
832 1941 989 1988 faetum
1004 1975 1016 1996 ‚
1052 1942 1165 1987 Gen.
1179 1958 1220 2002 7:
1242 1957 1308 1996 19,
1324 1955 1393 1984 20.
1431 1943 1471 1983 &
1488 1939 1637 1998 8:3,13,

63 2024 122 2070 14.
154 2012 267 2072 aquis
288 2024 490 2074 cooperta.
528 2016 639 2070 Qae
653 2007 895 2055 circumfusa
908 2023 1109 2068 aquarum
1124 2008 1253 2052 moles
1275 2004 1390 2068 abyffi
1403 2005 1573 2048 nomine
1586 2004 1650 2047 in-

59 2076 254 2138 telligitur,
280 2077 392 2123 Gen.
410 2094 445 2122 1:
464 2093 502 2122 2.
526 2077 581 2122 ita
593 2089 639 2121 ut
651 2074 723 2121 ista
734 2077 932 2121 elementa
946 2075 1073 2136 vulgo
1086 2071 1195 2118 dicta
1209 2105 1220 2126 ‚
1247 2084 1365 2124 terra,
1391 2087 1495 2130 aqua
1509 2073 1550 2113 ὃ(
1565 2074 1648 2122 aer,

61 2143 179 2202 qualis
199 2140 276 2187 hoc
300 2141 364 2188 die
385 2157 493 2198 erat,
518 2142 593 2187 suis
603 2143 702 2187 locis
714 2138 1031 2205 superimposita
1043 2139 1219 2192 fuerint,
1256 2141 1298 2182 <Sc
1322 2139 1539 2181 terraintra
1551 2131 1653 2179 den-

64 2204 217 2255 slfflmas
228 2209 404 2254 tenebras
415 2209 564 2271 sepulta
577 2222 700 2269 atque
712 2210 826 2269 aquis
838 2206 1037 2252 immersa.

120 2275 245 2322 XXX.
280 2276 428 2320 Errant
448 2276 572 2336 igitur
584 2310 595 2326 ‚
635 2275 709 2334 qui
732 2272 798 2318 hic
823 2270 945 2318 chaos
967 2268 1184 2333 quoddam
1209 2274 1251 2315 &
1277 2266 1486 2314 confusam
1513 2280 1650 2312 rerum
1671 2275 1746 2332 Nqn
1754 2269 1826 2333 fuit

68 2341 248 2385 omnium
271 2341 423 2385 molem
448 2339 521 2385 ilbi
536 2341 810 2402 imaginantur
821 2374 833 2391 ‚
873 2355 923 2385 ex
935 2355 1017 2398 qua
1029 2351 1116 2382 tam
1128 2334 1347 2399 augustum
1361 2349 1478 2396 opus,
1503 2349 1546 2377 ac
1558 2333 1650 2393 pul-
1664 2335 1822 2375 pmmtus

68 2402 276 2451 cherrimus
287 2404 350 2451 hic
364 2405 557 2460 mundus,
575 2407 653 2452 Dei
669 2423 712 2451 ac
725 2404 950 2450 hominum
962 2402 1241 2449 habitaculum
1257 2435 1268 2455 ,
1282 2399 1508 2445 surrexerit.
1524 2402 1650 2443 Nun·
1668 2379 1772 2418 “³¹²⁰‘'

71 2485 187 2530 quam
198 2473 304 2517 enim
315 2472 400 2517 talis
410 2488 547 2517 rerum
559 2471 637 2518 fuit
650 2470 766 2518 facies
777 2506 789 2526 ‚
825 2471 989 2533 qualem
1003 2474 1138 2532 poe‘tae
1152 2484 1229 2513 con
1236 2466 1444 2511 finxerunt
1458 2497 1470 2518 ‚
1506 2479 1654 2509 verum

74 2534 185 2599 longe
196 2537 424 2598 perfectiora
437 2537 602 2584 fuerunt
614 2539 697 2585 Dei
708 2553 830 2601 opera
841 2571 854 2591 ‚
889 2540 931 2581 &
945 2534 1070 2597 longe
1085 2532 1316 2596 augustiora
1329 2546 1466 2576 rerum
1478 2531 1658 2592 primor-

74 2597 146 2668 dia,
180 2605 327 2666 Neque
351 2620 400 2670 ex
423 2604 592 2672 yocibus
619 2618 740 2666 mm
767 2618 869 2665 mn
894 2619 933 2649 v.
958 2617 1006 2713 Ξ)
1026 2599 1206 2645 informe
1228 2596 1339 2645 istud
1363 2594 1483 2643 chaos
1503 2592 1654 2641 exstrui

1022 2683 1049 2712 O
1087 2682 1108 2711 2
1578 2675 1657 2722 PO-
