2116 2901
475 159 555 204 142
826 144 1000 190 L113.
1067 146 1103 191 1.
1166 146 1467 192 cii-pur
1531 147 1759 196 XXIV.

469 226 639 273 immitti
660 226 803 273 solent.
841 232 909 273 «Sio'
932 235 990 273 ait
1011 228 1183 290 Jehova
1200 247 1210 274 ε
1230 247 1311 276 ecce
1333 249 1397 276 me
1418 245 1557 277 contra
1572 247 1611 277 te
1635 248 1872 280 exerturam
1888 236 2030 299 gladia
2069 295 2071 299 ι
2098 279 2099 282 ,

464 308 605 336 meum
618 292 637 336 ὲ
649 291 896 354 vaginastta,
911 308 959 338 ut
971 294 1194 351 exscindam
1205 312 1256 340 ex
1268 311 1305 340 te
1309 297 1470 356 justum
1484 302 1533 349 ὠ
1543 297 1778 359 improbum.
1814 300 2084 365 Ezech.21:3{”
2108 326 2114 331 ·

469 371 515 399 ac
526 357 726 418 praecipue
740 356 1014 418 castigationes
1027 360 1191 420 piorum
1204 375 1284 421 prae
1296 361 1495 422 improbis
1509 394 1521 414 ‚
1544 362 1641 407 Psal.
1657 378 1724 423 73.
1740 363 1840 426 Job.
1860 382 1881 410 2
1891 383 1926 411 1.
1951 371 1996 413 ὃς
2005 371 2079 429 ρε-,ο

469 421 625 465 culiaris
647 438 793 466 eorum
815 422 1057 484 gubernatio
1081 426 1124 468 in
1148 427 1206 469 N.
1220 428 1277 470 T.
1304 425 1375 469 ubi
1397 427 1586 487 pleraque
1608 428 1960 489 aspera&adversa
1980 431 2072 494 ipfis,
2105 434 2109 440 '

414 502 417 505 ·
469 483 664 545 praedicta
678 486 782 531 sunt.
809 490 959 532 Omnes
969 496 1040 550 qui
1050 489 1266 552 volantpib
1279 497 1417 535 vivere
1427 498 1468 534 in
1482 490 1632 550 Christo
1644 492 1766 553 Jesiae,
1775 488 2073 556 persecutionem·

458 557 683 610 patientur.
720 568 757 596 2.
772 554 890 597 Tim.
905 569 941 613 3:
961 570 978 598 1
987 569 1024 597 2.
1049 557 1216 616 Oportet
1239 561 1346 599 enim
1351 570 1425 617 per
1435 558 1588 600 multas
1598 558 1840 619 oppreffiones
1850 554 1917 604 noti
1927 563 2083 625 ingredi

469 611 520 656 in'
535 632 701 677 regnum
725 619 923 662 coelorum.
960 619 1060 663 Aet.
1078 634 1143 678 14:
1161 636 1225 664 22.
1267 623 1412 679 Atque
1435 618 1522 665 haec
1542 619 1691 678 justitia
1722 639 1765 667 ac
1785 623 1966 670 vindista
1993 628 2089 673 Dei·

465 679 589 740 longe
601 678 738 727 differt
751 682 801 726 ab
810 683 876 727 illa
885 699 980 742 quae
995 684 1068 727 erit
1078 685 1119 727 in
1136 685 1283 729 ultimo
1295 683 1466 742 judicio,
1492 686 1562 730 ubi
1576 689 1691 732 Deus
1704 689 1926 749 unicuique
1937 689 2071 738 reddet

465 742 688 790 Iecundum
700 761 821 808 opera
832 747 910 791 sua.
936 751 993 792 Et
997 749 1106 808 jaste
1114 747 1370 805 judicaturus
1381 750 1433 809 cst
1445 749 1576 796 orbem
1589 766 1805 798 terraram.
1830 756 2069 818 Aet.17:31.

465 813 544 853 Pro
569 810 722 855 duritia
735 826 809 856 tua
823 812 1075 868 thesaurizas
1087 812 1157 858 tibi
1167 815 1236 876 zpst
1241 821 1360 869 iram,
1373 822 1416 859 in
1430 815 1531 860 diem
1539 823 1619 871 irae,
1635 821 1964 880 &patefaffiionis
1971 822 2070 883 justi

458 873 605 934 judicii
616 880 713 921 Dei.
748 879 884 922 Rom.
908 893 946 922 2:
967 893 1002 935 5.

533 942 710 985 XXXII.
735 943 849 987 Talis
868 941 1031 1000 justitiae
1043 945 1147 989 ratio
1160 941 1217 988 est
1229 977 1241 997 ,
1255 944 1325 990 ubi
1339 947 1454 991 Deus
1466 960 1621 1008 peccata
1633 950 1798 1009 peccatis
1811 951 1944 1010 punit:
1958 951 2070 1008 item‚·

462 1002 535 1047 ubi
558 1005 788 1050 innocentes
798 1040 810 1059 ‚
825 1006 890 1051 sed
904 1022 1057 1068 partem
1071 1007 1235 1067 alicujus
1247 1011 1441 1056 societatis
1452 1011 1752 1067 constituentes,
1765 1011 1924 1061 associat
1939 1019 2068 1077 poenis·

465 1070 591 1113 totius
604 1069 795 1116 societatis
810 1089 820 1116 ε
845 1073 956 1124 item,
987 1090 1083 1118 cum
1096 1073 1128 1131 ej
1135 1073 1273 1119 iisdem
1286 1076 1477 1120 societatis
1488 1091 1709 1138 peccatores
1721 1083 1762 1123 δε
1775 1094 1941 1142 propter
1950 1081 2015 1126 sua
2027 1087 2068 1128 &

460 1147 628 1194 propter
650 1150 863 1195 parentum
887 1152 1040 1198 peccata
1050 1137 1174 1183 -fimul
1187 1141 1305 1201 punit
1320 1159 1328 1184 ε
1343 1141 1455 1194 item,
1469 1141 1539 1185 ubi
1552 1142 1782 1205 posteriper
1793 1144 1968 1192 accidens
1979 1163 2069 1210 poe-

461 1212 523 1242 nae
548 1213 761 1260 parentum
785 1202 875 1246 sunt
899 1205 1126 1264 participes:
1154 1208 1196 1248 δε
1218 1205 1367 1259 rursus,
1386 1222 1484 1251 cum
1496 1209 1677 1268 proximi
1690 1211 1744 1253 rei
1757 1208 1921 1268 alicujus
1930 1211 2067 1259 iisdem
2111 1219 2114 1222 ’

460 1263 557 1307 eum
570 1265 641 1308 illo
654 1266 914 1327 implicantur
927 1269 1053 1321 malis,
1074 1282 1120 1312 ut
1135 1270 1188 1314 ita
1200 1268 1347 1328 majori
1359 1284 1472 1316 metu
1485 1273 1507 1315 a
1520 1274 1629 1317 malo
1642 1272 1927 1321 deterreantur.

248 1331 436 1384 Discrimen
484 1333 490 1338 ’
523 1331 721 1374 XXXIII.
747 1334 803 1375 Et
825 1330 1036 1377 discrimen
1060 1334 1164 1378 inter
1187 1335 1575 1395 utramquejustitiae
1588 1338 1753 1399 speciem
1766 1355 1937 1402 appare-t.
1953 1344 2065 1389 Nam

247 1390 315 1449 ‘tuf
334 1387 358 1425 ἆ
372 1396 439 1438 tw
463 1410 480 1439 1
489 1394 717 1439 :arbitraria
728 1394 879 1450 justitia
887 1395 989 1458 saepe
1000 1396 1253 1459 gravissimos
1266 1414 1486 1461 peccatores
1497 1403 1721 1464 impunitos
1733 1402 1920 1460 dimittit,
1933 1412 1976 1453 &
1987 1410 2066 1453 mi.-

247 1452 371 1479 ”²¹¹⁷²¹¹·
456 1474 574 1503 noros
586 1493 599 1512 ‚
613 1461 700 1503 imo
714 1458 787 1504 fibi
800 1462 982 1506 maxime
996 1461 1165 1508 dilectos
1176 1497 1188 1517 ‚
1205 1467 1378 1525 graviter
1391 1465 1617 1529 castigat,ut
1630 1483 1931 1525 convertantur,
1945 1487 2066 1533 atque

456 1525 511 1568 ita
525 1539 692 1586 poena-m
702 1523 883 1571 futuram
895 1524 1091 1589 effugiant
1102 1545 1123 1579 3,
1142 1528 1341 1587 atjustitia
1353 1532 1433 1577 Dei
1446 1534 1627 1593 punitiva
1640 1550 1712 1579 nec
1723 1534 1883 1581 bonum
1897 1552 1969 1582 nec
1980 1555 2072 1589 rna-2

458 1589 548 1632 lum
571 1588 759 1634 futurum
781 1590 931 1653 speeiat
944 1626 955 1645 ,
984 1608 1055 1637 nec
1068 1595 1149 1638 Dei
1162 1596 1328 1640 arbitrio
1343 1629 1355 1649 ,
1381 1610 1449 1642 aut
1462 1600 1629 1643 occultis
1639 1597 1787 1646 divinae
1800 1601 2066 1663 providentiae

456 1655 604 1714 regulis
616 1688 629 1708 ‚
643 1671 692 1699 ex
704 1656 785 1700 Dei
797 1656 1045 1718 beneplacito
1057 1657 1250 1704 institutis
1263 1695 1274 1715 ‚
1291 1662 1447 1712 nititur,
1463 1661 1527 1707 sed
1540 1666 1621 1708 Dei
1634 1664 1849 1716 sanctitate,
1867 1672 1909 1712 δε
1922 1666 2073 1720 ordine,
2110 1694 2113 1699 v

457 1719 578 1762 stmel
600 1720 620 1763 ὲ
644 1723 742 1765 Deo
766 1723 995 1783 praescripto
1009 1756 1021 1775 ‚
1046 1721 1230 1784 adeoque
1252 1741 1471 1785 poenarum
1483 1727 1630 1789 gradus
1640 1729 1830 1791 gradibus
1843 1730 2065 1780 vitiositatis

455 1795 704 1846 attemperat.
741 1783 874 1831 Unde
891 1786 968 1831 sub
990 1792 1086 1833 Vct.
1110 1793 1153 1833 &
1177 1793 1234 1834 N.
1251 1793 1308 1835 T.
1334 1793 1504 1851 aequales
1516 1791 1661 1854 gradus
1672 1810 1888 1856 poenarum
1901 1799 2065 1858 peccatis

453 1847 548 1892 sunt
570 1847 783 1910 propositi.
807 1867 847 1895 2.
871 1867 993 1912 poena
1013 1851 1175 1911 justitiae
1201 1857 1281 1901 Dei
1294 1858 1488 1918 punitivae
1502 1857 1714 1904 consistere
1724 1876 1808 1904 non
1823 1861 1955 1923 potest
1966 1878 2063 1908 cum

455 1928 596 1957 amore
607 1915 704 1967 Dei,
716 1912 780 1959 sed
792 1915 950 1977 semper
957 1934 1051 1962 cum
1066 1918 1166 1964 odio
1178 1918 1261 1977 ejus
1274 1923 1346 1981 qui
1359 1924 1528 1984 punitur
1539 1923 1757 1982 conjuneta
1770 1924 1843 1977 est3
1858 1942 1980 1989 poena
1991 1944 2063 1972 au-

454 1989 539 2022 tem
561 1976 724 2035 justitiae
749 1980 961 2026 arbitrariae
977 2016 990 2034 ,
1024 1982 1090 2028 seu
1113 1983 1264 2030 divinae
1279 2020 1291 2039 ‚
1316 1988 1380 2031 seu
1404 1985 1609 2041 humanae,
1634 1991 1764 2034 amori
1777 1990 1962 2053 opposita
1975 2008 2060 2037 non

453 2039 537 2095 est,
561 2047 604 2087 &
623 2042 717 2089 ideo
739 2060 783 2088 ea
804 2061 891 2090 non
920 2045 977 2091 est
984 2051 1152 2111 proprie
1167 2049 1361 2107 vindieta,
1386 2053 1449 2097 vel
1459 2054 1527 2098 irae
1541 2051 1706 2099 effeetus
1718 2089 1731 2110 ,
1754 2071 1826 2101 nec
1839 2058 1989 2103 caritati
1999 2073 2061 2120 ref

448 2121 618 2169 pugnat.

238 2155 429 2202 MANSUE
513 2175 712 2221 XXXIV.
746 2177 927 2222 Wrtates
946 2185 1012 2222 ira
1034 2184 1077 2224 &
1100 2196 1317 2242 poenarum
1339 2184 1382 2228 in
1395 2185 1492 2228 Deo
1506 2185 1795 2240 moderatrices,
1820 2197 2056 2248 xgnro'nr&‚

238 2235 370 2265 TUDO
444 2251 713 2298 μμκερθμμίις
739 2255 871 2301 ἀνοχῆς,
894 2245 1223 2301 manfiaetadinis,
1247 2250 1557 2311 longanimitatis
1580 2254 1622 2294 &
1647 2255 1858 2297 tolerantia
1880 2256 2058 2300 vocabu·

237 2293 285 2339 ὁ*
315 2302 425 2330 LON‘
444 2306 490 2350 lis
513 2307 554 2349 in
569 2308 772 2368 Scriptura
784 2310 1082 2371 exprimuntur.
1116 2314 1250 2358 Rom.
1270 2330 1308 2358 22
1322 2330 1364 2373 4.
1389 2318 1432 2358 δε
1447 2331 1480 2374 3:
1499 2324 1566 2360 26.
1581 2314 1687 2361 Ibid.
1700 2334 1743 2373 9:
1762 2332 1829 2363 22.
1869 2335 1907 2364 2.
1922 2324 2004 2365 Pet.
2021 2336 2056 2381 3:

237 2364 384 2395 CANI-
444 2387 488 2428 9.
513 2374 587 2416 Per
608 2372 720 2416 illam
743 2389 828 2417 non
853 2374 1021 2418 libenter
1043 2378 1175 2436 punit.
1199 2381 1399 2435 Irascetur
1412 2380 1703 2439 adfaciendnm
1716 2383 1962 2444 opnssttam,
1985 2402 2056 2430 ex-

236 2428 382 2488 MtTAs
444 2450 632 2482 tranenm
644 2453 737 2500 opus
747 2438 901 2495 sitam:
928 2445 976 2490 &
1000 2441 1058 2484 ad
1077 2443 1316 2503 operandam
1327 2451 1585 2505 operationem
1588 2450 1712 2501 snam
1726 2479 1738 2499 ,
1774 2450 1950 2496 alienam
1971 2465 2056 2513 ope-

234 2482 311 2518 D⁸''
445 2507 640 2546 rationem
641 2501 778 2559 sttat'n.
803 2504 906 2549 Essi.
920 2520 941 2548 2
951 2504 991 2550 8:
1010 2521 1031 2548 2
1042 2522 1076 2550 1.
1100 2523 1192 2550 raro
1204 2507 1368 2552 summo
1378 2507 1467 2567 jure
1480 2511 1608 2555 utitur
1619 2512 1661 2554 in
1678 2513 1808 2572 poenis
1831 2512 2054 2560 inferendis.

448 2568 549 2612 Non
561 2566 786 2625 stcundnm
801 2584 966 2632 peccata
990 2570 1120 2632 nistra
1133 2579 1235 2633 fecit
1245 2572 1368 2630 nobis,
1381 2576 1731 2637 nequesecnndnm
1744 2583 1974 2640 iniquitates
1985 2596 2055 2622 no-

1053 2657 1069 2676 x
1948 2643 2055 2704 stras
