2116 2901
222 1274 349 1316 iaodus

222 1332 425 1378 constitutio-

224 1387 274 1422 nis
286 1389 394 1425 omni-

222 1452 298 1478 um.

221 2252 368 2292 operum

221 2301 288 2335 Dei
299 2298 413 2335 dura-

220 2354 267 2390 tio
280 2355 315 2388 in
329 2364 366 2389 eo

210 2405 311 2454 statu
327 2407 363 2441 in

220 2471 282 2508 quo
298 2458 392 2495 conda·
401 2480 410 2486 -

219 2516 349 2562 casnm-

455 138 540 188 286·
798 136 1085 185 L1‘Bss1.
1152 138 1450 184 CAPUT
1516 134 1727 184 XLII.

449 218 688 281 temperavit
712 221 754 264 δε
777 220 883 264 rexit
895 252 908 273 ‚
943 222 986 262 &
1008 230 1153 280 praeter
1175 219 1281 280 leges
1293 218 1409 267 illius,
1430 217 1560 262 verbo
1577 217 1650 261 suo
1663 233 1706 262 ac
1718 211 1824 273 jussu
1837 228 1908 278 per
1918 213 2067 264 imme-⁸

447 282 600 329 diatam
627 286 738 329 suam
764 286 1047 346 operationem
1060 288 1101 327 δε
1115 284 1157 327 in
1172 284 1383 328 materiam
1396 281 1627 338 influxum,
1641 282 1706 328 sex
1721 283 1795 327 illis
1806 280 1947 328 diebus
1958 285 2067 329 varie

445 347 884 401 determinavit‚donec
896 366 946 394 ex
958 346 1051 394 rudi
1065 353 1107 393 δε
1123 348 1313 410 impoli&⁴
1326 347 1398 392 ista
1415 344 1554 402 maffii,
1569 349 1654 393 Dei
1667 381 1679 400 ‚
1693 349 1850 392 molem
1863 346 1980 393 istam
1993 365 2064 394 va-
2073 371 2086 382 ,.

443 414 502 458 rie
517 416 669 468 cientis,
682 431 809 460 manu
823 413 1116 476 pulcherrimus
1129 412 1195 459 hic
1209 411 1390 459 mundus
1400 427 1500 458 tunc
1513 413 1709 475 temporis
1720 411 1886 459 tandem
1899 411 2064 476 prodie-

440 481 505 530 rit,
525 485 568 525 ἃ*
580 497 691 525 nunc
703 482 930 525 etiamnum
944 478 1142 524 subsistat.

507 549 631 591 VIII.
667 551 729 592 Ita
752 547 864 591 enim
887 547 1036 590 creatio
1049 543 1222 591 mediata
1235 560 1323 589 non
1336 544 1562 606 incongrue
1578 545 1831 607 concipitur:
1857 560 1933 591 nec
1945 544 2062 592 audi-'

443 609 600 656 endum
612 610 881 672 quorundam
895 611 1088 656 cavillum
1101 644 1113 661 ‚
1152 614 1296 656 Deum
1309 608 1389 656 hoc
1403 611 1523 672 pasto
1536 613 1578 655 in
1591 613 1830 656 tornionem
1843 612 2026 657 converti
2038 627 2054 664 ς

442 692 539 721 cum
553 679 677 738 longe
688 675 879 722 illustrius
894 674 975 721 hoc
989 677 1072 722 Dei
1085 692 1189 738 opus
1203 675 1251 721 {it
1266 691 1394 736 quam
1419 674 1641 722 mechanici
1653 675 1818 735 alicujus
1829 711 1841 730 ‚
1872 690 1919 722 ut
1931 678 2059 738 qui&

442 756 614 787 motum
628 748 670 788 ἃ
683 744 785 805 leges
795 742 881 801 ejus
894 742 972 803 ipse
984 744 1159 787 materiae
1175 740 1382 796 indiderit,
1405 746 1447 786 ἅ-
1461 739 1739 803 potentissime
1757 743 2052 804 temperaverit,

443 824 488 852 ac
512 825 564 853 ex
592 807 707 854 vasto
732 812 774 853 δε
802 807 971 854 informi
999 806 1082 864 ejus
1107 806 1196 852 {inu
1223 806 1474 869 stupendum
1486 806 1587 852 adeo
1613 824 1717 870 opus
1740 805 1846 864 juffu
1875 807 1946 852 suo
1959 823 2057 870 pro-

441 871 530 917 dire
552 873 705 920 lecerit.
741 877 797 919 Et
821 887 924 920 certe
947 875 1070 934 longe
1083 876 1322 918 concinnius
1335 889 1404 935 per
1418 887 1586 918 motum
1599 878 1640 918 ὃς
1654 886 1806 918 naturae
1819 874 1921 935 leges
1934 889 2057 918 mun-

441 936 548 983 dum
561 937 671 985 hunc
683 937 882 985 ordinasse
896 937 1086 984 statuitur
1100 974 1112 993 ,
1147 956 1276 998 quam
1289 937 1432 983 formis
1444 938 1784 992 substantialibus,
1798 940 2058 999 qualitatibus

440 1005 614 1050 realibus
629 1039 640 1059 ,
676 1011 719 1052 &
746 1004 945 1052 similibus
971 1003 1077 1050 fictis
1089 1005 1248 1051 entibus
1259 1002 1309 1049 ad
1321 1021 1420 1050 eum
1433 1003 1702 1051 condendum
1715 1002 2057 1050 conservandum-

441 1085 526 1129 que
539 1068 698 1132 eguisse.

506 1140 526 1180 I
540 1138 594 1182 X.
629 1136 704 1183 Ad
727 1136 1016 1201 perficiendam
1042 1152 1178 1184 autem
1201 1141 1245 1183 &
1267 1135 1594 1183 constituendam
1609 1135 1712 1183 hanc
1724 1134 1873 1183 mundi
1886 1136 2057 1192 molem,‘

442 1212 535 1245 tum
548 1201 812 1258 modus,tum
826 1203 934 1249 ordo
947 1205 969 1249 Ξι
985 1206 1082 1249 Deo
1095 1205 1343 1257 observatus,
1356 1201 1670 1249 considerandus
1681 1203 1751 1249 est.

510 1269 563 1312 X.
590 1267 755 1314 Modus
770 1268 1073 1315 constitutionis
1085 1268 1171 1316 haec
1183 1283 1364 1331 quatuor
1376 1270 1610 1314 continebat
1625 1288 1634 1313 ε
1664 1286 1681 1314 1
1690 1303 1700 1314 .
1715 1265 1957 1314 mandatum
1968 1263 2051 1314 Dei

448 1330 621 1395 singulas
647 1351 706 1380 res
729 1334 955 1397 producens
964 1352 976 1387 5
1006 1335 1077 1394 esto
1103 1339 1190 1381 lux.
1229 1353 1268 1380 2.
1283 1334 1624 1397 approbationem
1648 1336 1701 1379 rei
1715 1332 1952 1397 procluffilbm
1989 1340 2054 1378 vi-

444 1400 506 1444 dit
517 1404 631 1445 Deus
645 1403 771 1446 lucem
784 1401 850 1461 ‘’ffi'
863 1400 1019 1446 bonam.
1057 1416 1090 1459 3.
1107 1400 1415 1446 ordinationem
1428 1398 1594 1461 singulis
1603 1400 1721 1445 rebus
1734 1399 1851 1444 usum
1865 1398 1985 1443 suum
1997 1396 2054 1444 afi-

443 1463 684 1526 fignantem.
718 1482 762 1526 4.
788 1468 1038 1511 sanctionem
1062 1468 1158 1527 legis
1184 1484 1229 1511 ac
1240 1464 1394 1511 ordinis
1405 1467 1447 1509 in
1461 1466 1579 1510 rebus
1590 1479 1785 1528 perpetuo
1798 1461 2049 1510 observandi.

440 1533 491 1576 In
517 1531 667 1590 quibus
690 1531 886 1576 omnibus
899 1565 911 1585 ‚
945 1530 1061 1589 juxta
1085 1531 1342 1594 singulorum
1367 1529 1557 1576 ordinem
1572 1564 1584 1584 ‚
1620 1532 1764 1593 pariter
1775 1528 1862 1576 haec
1874 1542 2052 1590 quatuor

441 1597 524 1641 Dei
538 1597 728 1642 attributa
740 1598 964 1650 elucebant,
991 1599 1074 1643 Dei
1087 1599 1281 1660 potentia.
1318 1598 1401 1659 Ipft
1413 1597 1517 1642 dixit
1530 1597 1748 1656 &fastum
1760 1596 1833 1656 est3
1860 1593 2050 1657 tpsbjuffit

440 1667 492 1712 (ῤ’
503 1661 631 1720 stelit.
665 1663 764 1708 Pffl.
781 1679 840 1722 33:
855 1681 898 1719 9.
934 1665 1114 1708 Bonitas.
1155 1666 1283 1707 Bonus
1296 1660 1353 1706 est
1366 1661 1535 1723 Jehova
1549 1661 1743 1708 omnibus.
1776 1661 1876 1706 Psal.
1896 1674 1988 1720 145:
2003 1676 2045 1716 9.

440 1728 651 1788 Sapientia.
690 1734 876 1790 Aptavit
879 1727 1130 1791 frugiferam
1132 1727 1329 1791 sapientia
1333 1728 1413 1784 sua
1426 1760 1438 1780 ,
1463 1733 1510 1780 (ᾖν
1523 1728 1860 1792 intelltgcmmfita
1873 1725 2048 1771 extendit

437 1797 596 1837 coelum.
623 1793 709 1855 Jer.
728 1810 794 1839 10:
814 1810 878 1840 12.
914 1794 1228 1839 Immutabilitas
1250 1797 1294 1837 &
1317 1791 1552 1838 constantia.
1602 1797 1652 1837 In
1669 1807 1823 1837 aetatem
1837 1797 1885 1844 &
1897 1805 2046 1835 aetatem

438 1859 671 1918 estfidelitas
685 1874 758 1903 tua
771 1860 915 1920 3fixifi‘i
928 1875 1078 1905 terram
1092 1859 1242 1918 &stan
1279 1857 1344 1903 Ob
1349 1859 1514 1919 judicia
1522 1857 1714 1916 tuastant
1726 1857 1927 1919 hodieque,
1951 1861 2045 1918 qus'a

438 1923 845 1981 univeffizsuntst‘rvi
858 1933 932 1970 tui.
968 1926 1065 1969 Psal.
1089 1941 1104 1969 1
1116 1942 1181 1982 19:
1197 1940 1269 1981 90,
1283 1941 1345 1980 91.
1383 1929 1447 1968 Sic
1457 1923 1567 1968 dixit
1579 1922 1793 1984 Jehovah,
1810 1929 1882 1984 qui
1893 1923 1963 1966 dat
1980 1918 2044 1977 sb-

439 1990 517 2033 lem
530 1990 587 2034 ad
597 1990 727 2034 lucem
740 1990 830 2044 diei,
857 1993 953 2055 leges
967 1993 1066 2035 lunae
1080 1990 1340 2050 &stellarum
1352 1990 1410 2034 ad
1421 1991 1549 2034 lucem
1561 1991 1700 2038 nostis,
1732 1994 1802 2049 qni
1815 2000 1949 2032 movet
1959 2001 2045 2031 ma-

436 2071 492 2105 re,
521 2069 570 2098 ut
583 2054 772 2111 fremant
795 2056 905 2100 nndae
929 2061 1032 2116 ejus,
1043 2058 1085 2115 st
1093 2055 1270 2100 recedent
1270 2054 1434 2114 statuta
1447 2053 1521 2098 haec
1532 2070 1557 2097 a
1570 2054 1768 2115 conspc⁷5itae
1781 2071 1864 2096 meo
1875 2087 1888 2103 ,
1927 2058 2046 2096 etiam

425 2123 561 2177 semen
574 2119 734 2176 Ifrablis
746 2120 942 2182 ceffzbunt
965 2154 979 2174 ‚
1013 2137 1059 2167 ut
1071 2138 1120 2165 ne
1128 2122 1203 2176 fint
1209 2138 1308 2185 gens
1319 2136 1453 2165 coram
1467 2137 1530 2164 me
1543 2119 1721 2164 omnibns
1735 2117 1884 2163 diebus.
1894 2117 2045 2180 Jer.31:

439 2201 457 2246 3
468 2200 504 2244 5³
520 2202 536 2244 3
546 2193 587 2231 6·

504 2253 544 2296 X
555 2255 591 2297 I.
624 2255 771 2312 Atque
785 2264 832 2298 ut
844 2267 965 2314 opera
976 2249 1059 2298 Dei
1071 2252 1210 2314 primo
1223 2249 1387 2297 condita
1400 2249 1492 2295 sunt
1506 2284 1518 2303 ,
1553 2250 1608 2294 ita
1619 2250 1740 2294 etiam
1752 2261 1947 2311 perpetuo
1961 2254 2045 2291 ma-

440 2329 538 2361 nent
566 2322 608 2362 &
632 2316 852 2378 perdurant
865 2351 877 2371 ,
912 2317 1081 2378 &juxta
1093 2319 1241 2380 primas
1253 2318 1335 2362 illas
1349 2330 1501 2361 naturae
1516 2316 1617 2376 leges
1633 2331 1774 2359 omnia
1790 2326 1985 2376 perpetuo
1995 2307 2044 2356 fi·-

439 2395 530 2427 unt.
565 2380 723 2428 Indidit
746 2384 856 2428 enim
880 2386 996 2429 Deus
1018 2384 1068 2428 ab
1091 2383 1211 2428 initio
1237 2380 1398 2428 mundo
1423 2380 1518 2426 huic
1544 2392 1712 2425 motum
1726 2413 1738 2434 ‚
1774 2380 1888 2424 certis
1900 2377 2042 2439 legibus

440 2459 708 2508 temperatum
722 2482 734 2502 ‚
768 2464 906 2493 rerum
920 2450 1113 2493 omnium
1125 2446 1321 2493 artificem
1337 2464 1378 2491 ac
1391 2446 1553 2492 fabrum
1571 2479 1583 2499 ‚
1619 2446 1641 2489 ὲ
1655 2461 1742 2505 quo
1757 2445 1893 2489 omnis
1905 2437 2042 2486 mundi

439 2515 605 2559 varietas
629 2517 671 2558 &
696 2528 862 2558 ornatus
874 2512 931 2558 est
944 2547 956 2566 ,
991 2530 1087 2559 cum
1101 2513 1184 2558 fine
1195 2530 1245 2558 eo
1257 2512 1438 2558 universa
1451 2526 1587 2556 rerum
1608 2524 1749 2555 natura
1763 2511 1865 2554 iners
1877 2513 1919 2553 δε
1930 2507 2038 2552 bruta

437 2574 618 2638 jacuisset
637 2612 650 2634 ‚
685 2577 871 2641 nihilque
893 2575 1024 2626 fuiffet
1047 2570 1120 2626 n'ifi
1143 2579 1225 2625 sola
1247 2579 1288 2625 in
1317 2579 1495 2640 longum
1507 2577 1636 2622 latum
1651 2581 1693 2622 δε
1705 2572 1963 2639 profundum
1969 2585 2039 2681 1ex-
2057 2612 2059 2614 .

1904 2648 2035 2687 tenio,
