2246 2886
401 123 477 169 DE
511 125 851 173 Pnovmzwrm
885 127 984 175 Dm
1029 146 1084 176 m
1118 146 1294 181 spficm.
1364 168 1375 177 «
1580 158 1653 203 339

54 199 144 262 quia
155 198 275 248 medii
288 200 425 249 sumus
436 204 541 249 inter
562 207 708 251 Deum
731 209 775 252 &
787 204 914 261 nihil,
949 212 992 254 &
1016 208 1066 255 de
1078 209 1210 257 nihilo
1233 215 1414 262 multum
1440 220 1649 283 participa-

53 281 153 323 mus,
165 266 270 314 unde
282 267 394 315 facile
405 267 620 317 deficimus
630 270 683 316 ab
694 270 840 318 ordine
850 273 970 320 nobis
993 276 1221 341 praescripto
1237 299 1247 325 ε
1284 294 1405 342 atque
1415 299 1457 328 ea
1471 287 1620 332 malitia
1634 322 1648 340 ‚

54 335 231 394 quamvis
243 335 284 380 in
310 335 384 381 ieie
405 332 508 381 nihil
521 334 570 382 fit
582 370 595 391 ‚
630 338 727 398 quia
752 352 888 385 tamen
901 339 1042 401 quoad
1055 343 1321 391 intentionem
1335 351 1529 409 peccantis
1555 365 1646 397 ten-

50 396 110 445 dit
130 401 171 445 in
196 397 516 448 destruffionem
529 403 612 449 Dei
625 436 638 457 ,
673 402 840 466 ejusque
862 407 1003 468 gloriae
1018 441 1030 461 ‚
1062 407 1276 468 justiffime
1302 416 1344 457 ὅ(
1368 414 1599 475 gravissime
1622 420 1645 463 a

53 465 144 512 Deo
157 469 335 530 punitur.
369 468 500 514 Causa
513 482 648 515 autem
660 468 745 526 ejus
756 471 1075 534 imperfeffionis
1087 491 1172 520 non
1195 477 1237 521 in
1249 475 1428 525 hominis
1468 496 1609 528 natura
1623 486 1644 528 a

51 531 142 577 Deo
153 547 277 580 creata
291 533 478 598 ponenda
490 534 547 581 est
559 570 571 586 ,
600 534 665 582 sed
677 537 718 580 in
731 537 960 599 ignorantia
972 540 1196 587 intellectus
1209 577 1221 597 ‚
1256 548 1299 588 δε
1312 546 1510 608 praecipue
1524 549 1640 592 inin-

51 596 296 645 ordinatione
308 601 530 646 voluntatis
540 635 552 656 ,
568 617 664 646 cum
675 603 786 648 illam
798 604 914 650 latius
925 604 1180 653 extendimus
1193 641 1205 661 ,
1229 625 1355 669 quam
1369 613 1566 672 permittit
1578 615 1641 658 in·

51 665 242 719 tellectu33
280 665 388 712 unde
399 683 511 713 error
522 672 564 713 &
578 682 807 730 peccatum.
2018 676 2031 719 >

110 737 242 780 LXII.
275 735 381 780 Non
394 733 571 780 satisfacit
583 751 681 796 ergo
695 736 912 781 inventum
919 737 1167 800 Jesuitarum
1180 773 1191 793 ‚
1217 739 1417 802 speciatim
1431 744 1642 790 Bellarmi-
1719 752 1857 796 Iesuita-
1906 762 1924 807 )
1939 724 1978 823 ss-
1988 725 2091 797 JM·
2125 750 2188 779 Μ
2205 762 2213 770 ‘

51 799 105 855 ni,
115 802 186 861 qui
197 801 475 863 operationem
488 801 571 846 Dei
583 802 686 845 circa
696 815 905 863 peccatum
918 805 1118 865 explicant
1129 818 1199 867 per
1211 807 1454 853 concursum
1478 825 1640 871 genera·
1661 813 1739 838 '¹⁰⁷¹
1763 815 1852 842 ⁶⁰⁰⁵·
1884 812 1902 830 s

51 865 124 911 lem
136 871 177 912 δε
189 863 501 921 indifferentem,
515 867 590 928 qui
604 882 674 929 per
685 863 902 914 hominem
915 867 1205 917 determinetur
1218 905 1229 925 ,
1243 873 1296 916 ita
1311 887 1357 919 ut
1370 875 1484 918 Deus
1497 876 1641 921 auetor
1663 868 1814 895 ”mmm

51 944 201 978 tantum
224 931 273 978 fit
304 934 496 996 generalis
529 934 774 996 operationis
798 935 900 980 circa
923 949 1134 997 peccatum
1149 970 1161 991 ‚
1197 934 1330 983 homo
1345 952 1479 983 autem
1493 943 1640 1001 peccati
1657 909 1850 1009 gagga:

51 1014 63 1041 1
104 1013 174 1044 ius.

1661 1018 1698 1053 di
1722 1032 1829 1057 erente

1 1096 4 1102 ·
67 1078 69 1081 ·
110 1066 261 1111 ΙΧΠΙ.
276 1068 436 1112 Verum
449 1062 530 1110 hoc
542 1078 741 1128 conceptu
753 1069 885 1121 Deus,
901 1082 950 1112 ne
962 1067 1107 1112 auctor
1120 1066 1191 1113 fiat
1202 1069 1311 1120 mali,
1326 1068 1470 1115 desinit
1482 1067 1555 1115 effe
1570 1088 1639 1116 au·
1659 1018 1742 1110 eiga
1774 1084 1851 1124 pec·
1886 1085 1890 1105 ³
1919 1088 1926 1131 ς
1945 1004 2051 1099 “L“
2075 1071 2083 1080 ’
2107 1061 2159 1097 ²⁸⁵
2179 1076 2187 1084 ’

51 1130 136 1176 &or
147 1130 256 1177 boni.
272 1134 391 1178 Tum
403 1133 526 1177 etiam
538 1131 617 1193 ipsa
630 1133 742 1178 actus
753 1131 969 1178 substantia
982 1137 1024 1178 &
1036 1134 1189 1196 species,
1203 1133 1321 1194 quod
1334 1136 1583 1197 praecipuum
1596 1139 1636 1182 in
1658 1138 1772 1189 δαῖθ’)
1791 1142 1861 1167 ‘x‘

52 1196 92 1241 est
101 1195 168 1250 est,
181 1196 262 1256 ejus
273 1195 538 1261 providentiae
551 1195 812 1250 subducitur3
828 1199 907 1261 ipse
921 1212 1056 1244 autem
1069 1200 1111 1243 in
1123 1198 1331 1262 operando
1343 1202 1581 1247 limitabitur
1593 1207 1635 1249 &
1655 1192 1794 1222 ‘'mm'‘

52 1259 370 1309 determinabitur
395 1265 416 1308 a
440 1276 629 1309 creatura.
664 1268 859 1310 Praeterea
881 1265 1067 1327 explicari
1091 1266 1154 1310 vel
1181 1267 1340 1327 concipi
1363 1282 1448 1310 non
1476 1266 1606 1329 potest
1621 1303 1635 1323 ‚

52 1328 259 1387 quomodo
272 1333 388 1376 Deus
398 1331 598 1376 concursu
610 1330 683 1375 suo
696 1343 892 1393 perpetuo
905 1329 1039 1393 presto
1054 1329 1101 1375 fit
1111 1328 1164 1376 ad
1176 1332 1287 1376 aelus
1299 1346 1484 1378 creaturae
1498 1366 1510 1386 ‚
1536 1350 1633 1379 cum

51 1391 189 1449 bonos,
202 1409 292 1442 tum
305 1397 448 1450 malos,
461 1400 504 1441 &
516 1410 652 1441 tamen
666 1411 753 1440 non
766 1397 876 1458 prius
884 1412 983 1440 eum
996 1396 1292 1456 tribuanquam
1304 1411 1481 1443 creatura
1492 1399 1569 1459 ipsa
1582 1397 1632 1444 ad

52 1458 198 1517 eosjam
211 1464 374 1526 coeperit
386 1478 556 1525 vergere:
571 1460 656 1508 haec
667 1462 778 1507 enim
792 1462 833 1505 in
846 1462 1002 1506 actibus
1012 1460 1255 1507 immediatis
1265 1464 1482 1508 voluntatis
1492 1464 1633 1508 locum

53 1520 182 1571 habere
193 1543 276 1572 non
288 1525 474 1591 possunt,
496 1545 541 1574 ea
555 1530 665 1573 enim
679 1544 776 1572 cum
789 1524 839 1571 ad
853 1528 991 1572 actum
1004 1527 1029 1571 s
1022 1543 1123 1573 uum
1138 1525 1344 1573 edendum
1359 1530 1486 1591 vergit
1503 1563 1514 1582 ,
1547 1528 1631 1587 jam

55 1591 135 1636 vult
144 1626 155 1643 ‚
183 1606 300 1654 atque
312 1592 411 1640 adeo
422 1593 506 1652 jam
519 1594 718 1640 concursu
732 1591 783 1638 ad
796 1591 920 1638 istum
933 1595 1072 1638 actum
1085 1593 1305 1638 voluntatis
1317 1609 1420 1655 opus
1433 1610 1517 1638 non
1529 1595 1604 1638 erit
1617 1627 1630 1646 ,

51 1657 139 1701 cum
150 1656 218 1704 iste
227 1658 307 1719 jam
332 1658 463 1705 modo
475 1659 706 1722 produ6ffis
729 1657 792 1704 fit.
830 1659 1026 1720 Denique
1037 1658 1161 1720 ipsam
1173 1656 1457 1706 difficultatem
1469 1657 1548 1704 hoc
1560 1674 1629 1720 pa-

55 1721 117 1766 ἃο
126 1738 206 1769 non
240 1724 418 1772 evadunt
429 1760 441 1780 ‚
476 1741 573 1771 cum
607 1725 733 1771 velint
745 1722 855 1769 hunc
879 1724 1124 1769 concursum
1138 1722 1378 1770 tantundem
1390 1723 1515 1769 facere
1526 1722 1575 1768 ad
1588 1740 1630 1767 a·

12 1786 13 1792 '
55 1786 159 1834 stum
169 1792 319 1837 malum
331 1807 456 1853 quam
469 1789 518 1837 ad
529 1792 706 1842 bonurn,
723 1803 845 1850 atque
856 1790 1007 1852 semper
1017 1788 1164 1852 praesto
1177 1786 1250 1834 esse
1262 1823 1275 1843 ,
1309 1802 1431 1849 atque
1442 1788 1542 1834 adeo
1566 1789 1629 1833 so-

12 1870 13 1873 *
55 1853 120 1898 cias
129 1869 261 1918 operas
284 1856 464 1920 praestare
475 1855 526 1903 ad
538 1858 810 1921 patrationem
821 1857 968 1918 peccati
982 1872 993 1907 ;
1020 1854 1133 1915 cujus
1147 1853 1175 1900 s1
1189 1871 1274 1899 non
1288 1856 1432 1900 auctor
1444 1888 1457 1909 ‚
1491 1854 1627 1899 saltem

55 1914 127 1974 jam
137 1919 293 1980 adjutor
304 1929 345 1969 &
359 1920 570 1970 assentator
580 1924 668 1970 erit.

109 1987 373 2036 LXlV.Circa
383 2005 593 2054 peccatum
606 2002 741 2035 autem
753 1991 869 2036 Deus
881 1986 962 2033 hoc
1002 1988 1092 2033 36ὶο
1103 1985 1503 2036 versatur.Primo‚ut
1516 1985 1629 2030 mali·
1649 1991 1740 2050 Deus
1759 1999 1832 2052 per·

56 2049 141 2096 tiam
152 2056 360 2116 permittat.
396 2063 505 2118 Qae
530 2052 737 2120 permiffio
747 2071 837 2100 non
850 2053 907 2100 est
931 2003 1057 2099 etfiica
1069 2058 1110 2099 &
1123 2055 1253 2115 legalis
1266 2087 1277 2106 ‚
1301 2055 1508 2113 qua-Deus
1521 2052 1629 2095 nulla
1648 2056 1713 2080 ‘⁶¹¹¹
1738 2046 1838 2082 malz-

57 2114 131 2177 lege
140 2117 359 2181 prohiberet
370 2138 592 2186 peccatum3
608 2123 672 2168 vel
684 2122 813 2182 qualis
823 2119 942 2166 datur
953 2121 1055 2166 circa
1065 2136 1124 2165 res
1137 2116 1406 2163 indifferentes
1419 2122 1459 2161 &
1473 2118 1596 2161 bonas
1611 2150 1622 2168 ‚

58 2194 143 2240 quas
152 2186 263 2232 Deus
274 2187 444 2251 benigne
458 2187 657 2243 concedit,
671 2186 892 2246 conjuncta
904 2186 1195 2250 approbatione
1206 2189 1247 2229 &
1261 2181 1430 2229 efficacia
1445 2183 1507 2227 sua
1523 2199 1532 2232 ;
1563 2182 1626 2226 vel

16 2278 19 2293 -,
59 2250 171 2305 qualis
181 2252 309 2299 nostra
320 2253 376 2301 est
386 2253 591 2319 permisfio
602 2257 705 2301 circa
716 2270 760 2299 ea
771 2270 864 2315 quae
877 2253 1118 2316 negligimus
1131 2285 1143 2305 ‚
1167 2256 1205 2296 &
1222 2247 1382 2313 perinde
1407 2247 1597 2294 habemus
1611 2280 1623 2300 ‚

61 2310 145 2375 saepe
155 2319 266 2364 etiam
278 2321 471 2368 nescimus
486 2341 497 2368 ε
513 2339 606 2384 quae
620 2337 707 2366 non
720 2318 826 2365 foret
838 2317 1094 2382 providentia
1105 2319 1146 2362 in
1161 2321 1257 2363 Deo
1271 2351 1283 2370 ,
1319 2313 1382 2360 sed
1394 2314 1474 2372 ejus
1489 2314 1621 2375 potius

64 2378 251 2431 abdicatio,
283 2389 396 2434 Deus
406 2403 540 2435 autem
554 2388 695 2435 volens
708 2391 749 2432 δε
762 2384 949 2432 consulto
961 2398 1170 2449 peccatum
1195 2382 1412 2446 permittit3
1452 2396 1521 2424 nec
1536 2395 1622 2441 per·
1645 2440 1649 2446 .
1772 2441 1776 2448 .

19 2481 21 2491 .
61 2443 177 2492 miffio
186 2448 265 2509 ejus
275 2454 538 2514 providentiae
551 2459 593 2500 &
607 2454 809 2500 voluntati
820 2451 905 2511 ejus
917 2452 1073 2514 opponi
1087 2448 1217 2495 debet.
1253 2446 1325 2493 Est
1350 2463 1446 2507 crgo
1461 2444 1622 2506 permis·
1639 2438 1751 2530 “³5⁶0
1765 2454 1812 2478 ’Μ
1822 2462 1832 2469 ·

62 2506 112 2554 fio
121 2513 195 2560 Dei
206 2516 298 2563 drea
309 2534 517 2581 peccatum
529 2518 738 2585 permiffio
750 2517 917 2582 phyfica
931 2552 943 2572 ‚
955 2534 1048 2577 quae
1061 2514 1116 2561 est
1128 2513 1339 2559 deliberata
1352 2509 1548 2574 suspensio
1562 2508 1622 2554 di·
1634 2501 1672 2542 μ
1700 2495 1807 2531 ’Μ’ίθ·

60 2575 148 2625 vinae
156 2585 407 2644 operationis,
419 2603 487 2651 per
499 2604 625 2650 quam
640 2599 850 2651 peccatum
858 2581 1049 2645 *impediri
1060 2577 1262 2644 potuisset.
1494 2644 1612 2689 LXV

88 2657 96 2665 .
126 2657 133 2667 ,η
910 2653 953 2697 V
980 2665 1007 2693 u
1043 2664 1064 2692 2
1617 2676 1627 2686 .

1647 2101 1733 2134 tiam
1759 2108 1836 2147 per-

1645 2154 1758 2190 mittit.
