2116 2901
355 129 429 173 Da
464 129 800 173 PRovaNmA
833 130 930 175 Dm
974 146 1030 175 IN
1067 145 1243 178 SPECIE.
1555 150 1635 200 335‘

92 209 201 256 XLI.
235 202 366 253 Unde
375 206 500 252 etiam
527 206 660 253 obiter
672 219 803 268 patet,
847 225 941 268 quae
957 207 1005 254 sit
1029 225 1171 256 natura
1184 211 1431 273 operationis
1446 217 1552 271 Dei,
1593 219 1635 262 in

38 274 167 340 gratia,
182 269 320 333 quoad
333 272 509 316 aCtiones
522 271 847 333 supernaturales.
885 276 990 319 Haec
1003 276 1202 321 nimirum
1215 276 1362 323 eodem
1387 279 1520 326 modo
1534 298 1636 327 con-

41 341 112 404 cipi
133 337 249 385 debet
272 351 468 397 tanquam
482 338 631 382 creatio
645 353 751 382 nova
765 341 929 391 mentis‚·
943 337 1024 385 hoc
1036 340 1108 395 est,
1122 341 1345 404 productio
1357 348 1502 392 mentis
1536 364 1632 392 cum

0 434 11 458 ι
45 406 154 453 novis
164 409 204 450 &
216 402 580 465 supernaturalibus
604 403 833 449 a6‘tionibus
846 439 858 459 ‚
895 422 988 465 quae
1001 403 1185 469 deinceps
1198 410 1483 456 conservantur
1497 413 1518 456 a
1535 416 1632 458 Deo

39 473 78 519 in
89 471 203 516 nobis
217 469 505 514 convenienter
517 482 613 513 natu
621 486 669 514 rae
684 474 726 514 δε
739 471 1044 531 operationibus
1057 471 1202 518 nostris
1217 493 1226 518 ε
1254 473 1353 520 ficut
1367 473 1417 521 de
1430 478 1632 523 miraculis

42 537 208 583 externis
221 535 394 596 superius
407 549 582 594 quoque
597 534 728 579 visum
742 534 812 580 est.

100 605 231 647 XLII.
264 600 469 662 Praecipua
493 613 629 644 autem
656 598 872 647 difficultas
886 600 944 647 est
960 637 972 656 ,
1006 602 1230 662 quomodo
1254 603 1342 651 haec
1356 609 1538 668 operatio
1551 609 1635 653 Dei
1679 615 1847 662 Qomodo
1859 575 2091 687 jfyt(

42 683 129 714 cum
141 667 314 712 libertate
325 664 462 710 nostra
475 664 664 711 consistat
676 698 688 719 ‚
725 671 766 711 &
781 666 1005 727 quomodo
1018 666 1104 714 haec
1117 670 1366 716 concilianda
1389 671 1467 719 sint
1501 673 1633 718 secum
1653 680 1691 703 ea
1703 668 1849 716 ⁶⁰71fista⁸
1878 690 1896 705 ·
1915 690 1919 698 ·

42 735 217 779 invicem.
231 734 428 777 Extrema
440 732 552 776 enim
565 729 632 776 hic
646 732 748 777 clare
759 736 802 778 &
813 731 1004 778 distinete
1019 735 1329 795 percipimus‚ab
1344 753 1423 782 una
1436 740 1633 783 nimirum
1653 735 1727 758 cum
1740 723 1837 761 liber-

44 811 144 862 parte
155 813 228 842 nos
239 799 261 842 a
273 801 370 845 Deo
385 795 611 860 dependere
623 797 768 843 scimus
781 833 794 852 ,
833 803 876 843 &
887 798 937 844 ab
951 800 1069 844 altera
1080 801 1201 844 etiam
1227 815 1336 863 parte
1349 803 1468 848 nobis
1489 805 1633 849 conscii
1647 787 1725 879 Ξῖ
1734 834 1747 858 c
1756 793 1817 817 '⁹⁰‘

45 865 170 910 sumus
181 864 346 909 summae
370 862 562 908 libertatis
575 882 585 908 :
611 863 836 924 quomodo
848 877 987 910 autem
1009 862 1095 910 haec
1108 863 1228 910 firnul
1252 869 1494 914 conveniant
1505 904 1517 920 ,
1558 870 1637 914 ob-
1737 863 1743 869 “

44 930 193 976 scutum
205 927 319 974 valde
330 933 372 974 &
382 927 466 974 fere
481 933 596 990 supra
607 943 774 992 captum
788 929 978 975 nostrum
990 928 1048 975 est
1064 949 1073 975 z
1089 946 1224 992 neque
1235 930 1277 977 id
1290 933 1497 979 immerito
1511 968 1522 987 ,
1538 951 1636 979 cum

48 993 186 1041 modus
219 1011 306 1056 quo
318 1007 507 1041 creaturae
531 994 554 1039 ὲ
570 997 668 1040 Deo
681 993 913 1059 dependent
926 1000 967 1041 &
980 994 1096 1054 juxta
1109 1013 1234 1056 quem
1249 1003 1290 1042 in
1304 999 1422 1043 nobis
1448 1015 1638 1061 operatur

0 1115 2 1118 y
50 1059 220 1106 infinitus
232 1059 280 1107 fit
292 1094 306 1116 ,
329 1064 371 1106 &
383 1060 502 1106 nobis
514 1061 585 1106 vix
601 1060 990 1124 comprehensibilis,
1002 1066 1046 1107 δε
1059 1061 1272 1122 cujus-non
1287 1061 1387 1109 adeo
1402 1062 1635 1110 distinctam

48 1124 166 1173 ideam
180 1128 242 1172 vel
254 1140 504 1188 conceptum
517 1123 728 1173 habemus.

104 1195 256 1239 XLIII.
288 1194 388 1238 Hoc
399 1206 538 1238 tamen
550 1190 892 1254 deprehendimus
904 1228 916 1248 ,
931 1191 1246 1241 contradistoria
1258 1210 1344 1238 non
1358 1191 1445 1248 esse,
1460 1196 1634 1240 liberum

49 1253 115 1302 effe
124 1291 136 1312 ,
169 1263 209 1304 &
221 1256 446 1321 dependens
457 1254 532 1303 effe
543 1258 564 1301 a
577 1261 676 1303 Deo
686 1294 699 1310 ,
729 1257 856 1320 idque
869 1276 917 1304 ex
932 1262 1107 1305 claritate
1120 1273 1392 1321 conceptuum
1408 1277 1514 1320 quos
1525 1259 1573 1305 de
1588 1278 1635 1305 u-

50 1323 179 1384 traque
191 1321 262 1369 hac
275 1340 317 1369 re
328 1322 535 1375 habemus;
552 1322 654 1369 ficut
666 1324 1034 1370 conti-adistorium
1047 1323 1117 1379 est,
1131 1340 1317 1370 montem
1332 1327 1538 1387 imaginari
1555 1325 1581 1370 si
1587 1343 1636 1371 ne

53 1389 157 1434 valle.
198 1387 290 1434 Idea
301 1391 410 1434 enim
421 1389 612 1436 libertatis
624 1405 710 1434 non
723 1388 944 1435 destruitur
956 1406 1027 1451 per
1038 1388 1171 1435 ideam
1195 1390 1315 1435 causae
1330 1392 1388 1451 pri
1394 1407 1469 1436 mae
1486 1425 1497 1444 ‚
1534 1390 1635 1437 ficut

52 1451 127 1498 idea
138 1452 340 1501 accidentis
351 1452 572 1501 destruitur
583 1488 597 1509 ,
619 1455 692 1500 ubi
704 1454 883 1501 accidens
895 1457 1124 1518 concipitur
1135 1469 1333 1515 tanquam
1346 1454 1514 1501 existens
1526 1471 1636 1501 extra

53 1518 263 1578 subjeftum
274 1520 408 1566 suum.
442 1524 559 1566 Cum
575 1518 626 1566 ad
637 1521 828 1567 libertatis
839 1519 970 1566 ideam
984 1537 1072 1566 non
1085 1522 1330 1581 requiratur,
1345 1534 1391 1566 ut
1403 1537 1444 1565 ea
1457 1522 1572 1583 plane
1587 1520 1636 1567 sit

52 1597 269 1642 hvnd9m&‚
285 1603 431 1633 verum
444 1603 542 1632 cum
554 1603 597 1632 ea
610 1588 861 1649 concipiatur
871 1600 1071 1647 tanquam
1083 1600 1272 1632 creaturae
1286 1585 1450 1644 alicujus
1463 1619 1474 1640 ‚
1500 1588 1636 1649 potius

54 1654 71 1698 ὲ
83 1655 171 1698 Deo
183 1651 421 1716 dependens,
436 1653 554 1714 eique
567 1652 748 1697 obnoxia
762 1652 914 1714 semper
925 1653 1166 1714 concipitur.

111 1720 259 1767 XLIV.
279 1719 484 1780 Qamvis
499 1735 599 1764 vero
613 1720 667 1763 ita
679 1719 821 1763 omnia
833 1716 901 1763 hic
914 1719 995 1764 Dei
1007 1716 1188 1772 sint‚non
1199 1718 1359 1763 tollitur
1369 1730 1504 1762 tamen
1519 1715 1626 1768 inde,

22 1802 24 1810 >
57 1799 120 1829 nec
131 1786 248 1839 aetio,
262 1800 334 1830 nec
345 1785 503 1830 libertas
516 1783 668 1829 nostra.
704 1782 792 1829 Etfi
806 1785 916 1828 enim
930 1787 1047 1829 Deus
1058 1784 1198 1828 omnia
1211 1784 1252 1827 in
1277 1783 1394 1827 nobis
1408 1780 1607 1844 producat
1620 1816 1632 1836 ‚

60 1851 178 1909 voluit
187 1864 319 1897 tamen
331 1865 406 1895 nos
417 1851 438 1895 a
451 1850 487 1894 st:
498 1847 711 1895 distintfftos
723 1845 798 1894 effe
813 1883 824 1902 ,
859 1854 900 1894 δέ
913 1864 1041 1895 certos
1053 1846 1202 1893 modos
1215 1864 1258 1892 ac
1281 1849 1531 1909 operationes
1544 1847 1637 1892 sub-

59 1913 195 1962 stantiae
207 1913 351 1961 nostrae
364 1916 405 1960 in
419 1913 556 1960 nostra
569 1913 764 1977 potestate
775 1911 849 1960 effe
861 1916 1016 1966 voluit3
1033 1919 1074 1959 δε
1088 1929 1345 1974 quaecunque
1357 1914 1397 1957 in
1411 1913 1528 1957 nobis
1541 1915 1636 1975 agit,

61 1995 134 2025 non
147 1980 225 2027 sine
236 1981 366 2035 nobis,
379 1979 447 2027 sed
460 1997 530 2043 per
541 1985 583 2026 δε
595 1995 761 2043 propter
774 1997 848 2025 nos
860 2017 871 2033 ,
900 1981 1019 2025 nobis
1031 1980 1195 2025 consciis
1207 1995 1249 2023 ac
1262 1978 1490 2022 volentibus
1529 1984 1546 2032 (
1558 1979 1638 2022 irn-

60 2043 226 2106 poffibile
238 2048 348 2092 enim
360 2044 417 2092 est
431 2081 443 2101 ‚
456 2060 503 2092 ut
516 2049 743 2109 cogitemus
756 2080 767 2099 ‚
794 2048 896 2106 quin
910 2045 995 2106 ejus
1007 2060 1120 2091 mens
1133 2042 1270 2089 nostra
1283 2042 1436 2089 conscia
1451 2041 1530 2096 sit)
1569 2058 1640 2104 per

61 2113 247 2173 propriam
259 2111 438 2158 nostram
451 2110 712 2157 substantiam
727 2112 933 2158 aftuosam
945 2125 1147 2174 operatur.

117 2178 244 2226 XLV.
277 2181 422 2239 Atque
444 2192 609 2241 propter
621 2175 702 2224 hoc
715 2180 979 2240 spontaneum
995 2181 1037 2221 δέ
1059 2176 1232 2221 liberum
1247 2175 1368 2236 longe
1391 2175 1502 2219 aliter
1513 2173 1640 2217 aftio-

64 2257 123 2288 nes
132 2259 394 2290 creaturarum
406 2245 668 2289 rationalium
682 2245 703 2289 a
716 2247 815 2290 Deo
829 2241 1054 2305 dependent
1068 2276 1079 2295 ‚
1116 2257 1240 2302 quarn
1256 2241 1434 2284 actiones
1446 2239 1640 2284 naturales

65 2307 250 2355 causarum
262 2308 521 2372 physicarum
537 2329 546 2354 :
573 2326 643 2372 per
655 2309 783 2355 causas
794 2310 903 2354 enim
917 2309 1111 2354 naturales
1124 2308 1204 2369 agit
1215 2310 1331 2353 Deus
1342 2318 1537 2364 tanquam
1572 2319 1642 2365 per

67 2387 147 2419 vera
157 2374 282 2422 media
293 2408 307 2430 ‚
320 2392 411 2436 quae
425 2373 526 2421 nihil
536 2376 658 2421 suum
672 2373 821 2421 habent
834 2409 847 2430 ,
872 2390 1005 2434 neque
1016 2373 1105 2435 ipsae
1119 2372 1291 2417 aetuosae
1315 2370 1406 2414 sunt
1421 2403 1432 2423 ,
1466 2367 1530 2413 sed
1543 2382 1641 2413 totae

67 2435 184 2485 {Deo
195 2455 388 2503 aguntum
417 2458 515 2486 cum
527 2455 716 2487 creatura>
731 2441 939 2486 rationales
951 2456 1001 2485 ex
1015 2439 1050 2483 se
1061 2436 1151 2500 ipsis
1176 2435 1346 2482 a&uosae
1361 2440 1403 2479 ἃ
1429 2435 1640 2479 actionum

68 2501 211 2551 suarum
223 2505 399 2553 dominae
413 2505 505 2561 fint,
519 2520 642 2567 atque
654 2505 754 2552 adeo
768 2508 808 2551 in
823 2507 914 2551 serie
927 2505 1131 2551 causarum
1146 2501 1407 2565 physicarum
1420 2501 1473 2544 ita
1485 2498 1644 2543 absolu-

70 2566 105 2611 ῑὲ
114 2573 209 2631 poni
220 2586 418 2636 nequeant
428 2606 441 2628 ,
475 2571 541 2620 std
554 2589 651 2620 eum
664 2586 827 2619 tantum
839 2573 943 2619 inter
964 2587 1023 2618 res
1037 2571 1057 2616 a
1071 2573 1169 2617 Deo
1183 2566 1385 2615 ordinatas
1397 2562 1585 2672 ordirliem
1600 2568 1643 2608 &

1516 2645 1641 2675 ocum
