2116 2901
230 1308 325 1345 homo
345 1322 423 1347 con-

229 1362 342 1401 ditus?

228 1536 325 1586 Fdsae
338 1540 406 1574 ori-

225 1594 315 1641 gines
322 1593 396 1642 pri-

227 1660 358 1683 morum

226 1699 399 1740 hominum
415 1713 423 1737 ι

217 2123 351 2171 pracipu
358 2123 375 2160 ὲ

220 2177 338 2214 Praad
341 2191 380 2214 a·

218 2233 398 2272 mnarum.

455 140 537 188 314
807 122 1703 172 Lrn.I.CA1>u-1·XLII.
1996 0 2114 222 v!

524 211 690 257 CVIII.
727 213 845 256 Cum
869 225 968 255 vero
981 225 1068 254 non
1080 210 1233 271 liqueat
1245 213 1389 257 Deum
1403 226 1564 258 externo
1566 210 1663 270 fimo
1676 209 1847 257 Adamo
1861 206 2074 279 praeivilfflr

453 275 663 338 instarque
674 274 888 339 paedagogi
899 292 946 320 os
955 275 1041 334 ejus
1053 272 1239 338 figurasse
1251 293 1262 328 ;
1278 292 1412 338 neque
1425 279 1547 324 etiam
1559 275 1611 323 de
1623 285 1775 323 interno
1789 279 1936 323 lamine
1948 279 2065 341 pronis?

456 342 520 388 sus
542 341 700 389 constet
713 377 725 396 ,
761 358 850 403 quo
876 355 1059 387 mentem
1082 340 1116 401 ej
1120 359 1167 397 us
1178 341 1472 389 collustraverit
1483 379 1494 394 ,
1539 347 1582 388 ὃ(
1594 344 1806 388 memoriae
1820 358 1971 404 penum
1982 341 2063 398 istis
2096 352 2099 355 ’

455 410 682 455 verborum
697 424 936 469 vocumque
949 409 1268 469 omnigenarum
1280 409 1526 472 imaginibus
1538 413 1579 454 &
1595 404 1858 462 simulachris,
1872 408 2055 467 instaraia.

451 473 633 521 tificiosae
658 475 805 522 tabulae
820 508 832 527 ‚
869 475 993 520 veluti
1016 476 1259 537 peraraverit
1270 479 1310 520 δι
1324 476 1575 538 impleverit;
1591 488 1749 520 conttra
1764 487 1898 520 autem
1912 490 2049 538 pateat,
2083 487 2085 489 ’

454 556 552 586 eum
578 539 826 587 adduffisvad
840 539 1056 585 Adamum
1070 541 1343 587 animantibus
1364 539 1550 587 humano
1564 557 1680 585 more
1692 541 1888 603 sapientiae
1901 540 1980 599 ejus
1990 560 2052 592 cx-

454 608 731 669 perimcntum
744 604 886 670 cepiffe
895 642 908 657 ,
946 621 995 652 ut
1006 608 1160 652 videret
1171 608 1363 669 quomodo
1375 625 1421 652 ea
1434 609 1701 670 appellaturus
1712 607 1813 668 effa,
1827 607 1978 654 Cena:
1988 627 2045 669 19.

455 689 550 732 quae
564 673 685 718 verba
697 674 834 718 saltem
847 687 1024 734 arguunt
1037 673 1274 717 animalium
1286 675 1458 718 nomina
1471 671 1642 718 Adamo
1655 673 1824 717 revelata
1837 687 1920 716 non
1934 672 2048 731 suilie3

454 737 627 800 superest
640 753 686 784 ut
699 740 870 784 naturali
881 737 967 796 ejus
978 737 1228 800 intelligendi
1251 737 1429 785 facultati
1453 736 1571 784 istam
1584 740 1766 801 linguam
1779 736 2049 796 adscribamus,
2115 779 2116 793 2

454 820 538 863 qua
561 804 868 868 sapientissimus
891 806 1131 850 mortalium
1145 837 1157 859 ‚
1190 817 1237 849 ut
1259 821 1396 850 rerum
1422 802 1525 850 ideas
1537 805 1678 849 animo
1690 802 1988 866 comprehensas
1998 821 2056 855 te.

455 870 592 925 nebat,
628 872 683 916 ita
706 888 766 917 eas
789 870 1013 916 verborum
1028 870 1147 932 lignis
1160 871 1318 931 alligare
1331 905 1343 925 ,
1379 885 1502 933 atque
1513 871 1638 916 animi
1649 870 1752 914 senia
1764 867 1874 914 effari
1887 884 2058 932 poterat.'

454 935 588 995 Cujus
611 938 825 999 specimem
849 939 892 981 in
915 938 1153 982 animalium
1176 947 1383 999 ενοιμθεα-ίᾳ
1406 935 1546 983 edidit.
1582 937 1693 981 Sicut
1706 939 1748 980 &
1760 937 1924 997 reliquae
1946 937 2051 984 dein..

452 1017 542 1064 ceps
572 1005 677 1048 inter
699 1001 890 1049 homines
912 1004 1059 1066 linguae
1074 1003 1123 1047 ab
1136 1001 1217 1049 hoc
1230 1003 1345 1049 fonte
1357 1004 1558 1064 originem
1573 1002 1813 1048 sumserunt.
1847 1005 1990 1064 Atque
2002 1006 2050 1051 ita

451 1067 649 1114 sermonis
672 1085 848 1129 quoque
874 1068 964 1114 usus
987 1071 1029 1114 in
1055 1069 1192 1131 primo
1204 1067 1375 1115 homine
1388 1069 1558 1113 naturali
1596 1067 1655 1113 ‘us
1667 1067 1918 1130 intelligendi
1932 1068 2049 1117 facul-

450 1135 522 1178 tati
537 1168 548 1188 ,
583 1137 770 1196 peculiari
784 1133 1017 1180 charismate
1028 1152 1070 1180 ac
1084 1134 1273 1197 sapientia
1287 1133 1348 1193 adj
1355 1149 1450 1188 utae‚
1462 1085 1742 1180 adstffllendus
1756 1135 1876 1179 venit.

515 1203 632 1246 CIX.
669 1202 860 1246 Similiter
882 1199 933 1246 de
946 1205 1023 1247 loco
1036 1199 1275 1261 disquiritur
1287 1206 1329 1246 &
1341 1201 1461 1247 natali
1473 1201 1559 1245 solo
1574 1235 1586 1251 ‚
1618 1197 1737 1260 quod
1749 1198 1962 1247 conditum
1974 1199 2047 1247 ho.

448 1266 604 1311 minem
618 1268 755 1329 primo
768 1269 966 1330 exceperit
986 1285 995 1312 :
1024 1266 1139 1325 cujus
1150 1269 1206 1312 rei
1218 1269 1323 1312 ratio
1336 1284 1433 1313 cum
1447 1268 1468 1311 a
1481 1263 1654 1311 Paradisi
1666 1267 1709 1310 in
1723 1263 1883 1311 mundo
1896 1265 1972 1312 fitu
1982 1266 2045 1314 de-

447 1330 619 1393 pendeat
632 1367 645 1386 ,
679 1332 731 1378 de
756 1349 798 1377 ea
812 1331 948 1394 postea
961 1331 1209 1378 videbimus.
1247 1336 1421 1397 Tempus
1435 1345 1587 1385 autem,
1613 1335 1654 1376 &
1667 1329 1748 1376 dies
1760 1330 1842 1390 ejus
1858 1332 1967 1391 quafi
1979 1349 2044 1380 na-

446 1398 533 1442 t..lis
546 1414 642 1443 cum
655 1397 804 1443 mundi
818 1397 993 1444 universi
1009 1399 1131 1444 natali
1145 1397 1253 1445 idem
1268 1398 1339 1453 est,
1368 1397 1483 1457 cujus
1496 1396 1767 1443 characterem
1778 1398 1872 1441 loco
1886 1396 1935 1444 de
1946 1416 2042 1445 crea-

446 1464 558 1507 tione
572 1467 705 1526 paucis
721 1465 941 1526 attigimus.
2014 1506 2016 1508 v

513 1533 607 1574 CX.
645 1535 791 1591 Atque
814 1528 902 1575 haec
924 1546 1023 1575 cum
1047 1529 1168 1576 fuerit
1191 1532 1311 1593 primi
1324 1528 1504 1576 hominis
1515 1531 1635 1592 origo
1648 1563 1661 1583 ‚
1696 1528 1797 1574 sacra
1810 1533 1852 1573 ἃ·
1864 1528 2025 1577 coelestis

447 1611 533 1639 non
560 1595 643 1641 fine
666 1596 826 1642 summa
850 1594 1021 1641 humani
1033 1598 1186 1659 generis
1197 1599 1445 1642 contumelia
1458 1613 1501 1640 ac
1514 1594 1711 1641 dedecore
1723 1596 1779 1639 illi
1791 1596 1893 1640 inter
1903 1609 2040 1643 veteres

447 1659 719 1724 philosophati
732 1664 824 1708 sunt
837 1696 848 1715 ,
883 1664 958 1722 qui
971 1678 1067 1707 cum
1082 1664 1330 1708 Democrito
1341 1662 1529 1717 homines
1541 1696 1552 1713 ,
1582 1661 1901 1706 vermiculorum
1911 1660 2037 1718 instar,

447 1727 469 1771 ὲ
484 1730 595 1773 terris
608 1725 844 1790 prorepsiffe
856 1745 867 1779 3
888 1730 959 1772 vel
973 1744 1070 1772 cum
1083 1730 1266 1790 Epicuro
1290 1726 1620 1791 primordialium
1634 1727 1963 1788 corpusculorum
1974 1744 2036 1773 va-

443 1794 507 1838 rio
522 1810 631 1838 nexu
645 1811 687 1839 ac
700 1795 919 1839 temerariis
930 1794 1182 1856 amplexibus
1205 1793 1458 1857 compositos
1483 1791 1673 1838 dixerunt
1683 1827 1695 1845 ,
1734 1790 1903 1852 illosque
1915 1791 2034 1839 adhuc

444 1857 567 1904 instar
579 1859 809 1922 fungorum
825 1860 845 1904 ὲ
860 1861 965 1905 terra
978 1861 1103 1905 enasci
1117 1893 1129 1912 ,
1147 1865 1188 1904 ὃ(
1202 1875 1313 1906 certo
1327 1859 1503 1906 fiderum
1517 1857 1653 1921 pos1tu
1667 1859 1833 1903 animari
1845 1855 1951 1919 poffe
1960 1856 2028 1903 do-

441 1938 535 1970 cent
549 1959 560 1978 ,
596 1930 638 1970 &
661 1924 960 1971 nobiliffimum
985 1926 1131 1970 animal
1157 1929 1261 1971 inter
1271 1927 1412 1990 sponte
1424 1941 1514 1971 nata
1526 1938 1688 1971 tantum
1702 1940 1787 1968 non
1800 1939 1945 1985 ponere
1954 1938 2016 1967 not

440 1990 693 2037 erubescunt.
731 1996 821 2054 Qi
847 2003 1113 2053 oivffimamsnbcss.
1144 1992 1262 2055 quod
1275 1991 1531 2056 pudendum,
1546 1992 1648 2037 inter
1660 1988 1909 2035 Christianos
1920 1990 2030 2035 etiam

440 2053 663 2103 deffinsores
675 2060 843 2105 invenit.

492 2119 623 2169 ”CXL
660 2126 752 2170 Nec
762 2125 915 2171 felicius
926 2127 991 2171 alii
1007 2124 1220 2171 Adamum
1234 2127 1418 2188 primum
1431 2121 1602 2169 humani
1613 2121 1766 2184 generis
1777 2133 1974 2183 parentem
1989 2136 2025 2165 ac

438 2189 667 2251 principem
681 2205 879 2253 negarunt
892 2225 903 2245 ,
918 2205 1041 2252 atque
1053 2193 1151 2237 alios
1162 2205 1253 2236 ante
1264 2207 1360 2236 eum
1374 2189 1788 2247 homines,aliumque
1799 2187 2024 2231 saeculorum

437 2252 629 2299 ordinem
642 2254 975 2302 introduxerunt.
1022 2262 1130 2317 Qae
1146 2259 1271 2319 impia
1283 2259 1427 2319 nuperi
1440 2256 1639 2319 scriptoris
1652 2249 1805 2298 affertio
1819 2268 1905 2296 vera
1916 2265 2022 2312 paga-

437 2319 556 2364 nismi
571 2324 702 2382 proles
714 2327 756 2367 δε
769 2322 973 2369 sententiae
987 2321 1038 2367 de
1050 2321 1197 2368 mundi
1210 2325 1427 2369 aeternitate
1439 2337 1654 2384 germanus
1678 2317 1802 2363 foetus
1813 2316 1881 2362 est.
1914 2318 2021 2360 Con-

437 2399 497 2429 tra
510 2402 598 2430 eam
613 2403 710 2432 vero
734 2389 911 2434 universa
923 2390 1141 2451 Scriptura,
1154 2393 1195 2434 δε
1210 2402 1297 2434 tota
1309 2389 1440 2433 salutis
1452 2385 1642 2433 humanae
1655 2384 1886 2430 oeconomia
1900 2415 1912 2435 2
1935 2395 2019 2440 quae

435 2451 569 2497 saltem
597 2451 647 2498 ad
671 2453 1028 2499 Praeadamitarum
1053 2468 1215 2517 gentem
1241 2453 1404 2501 extendi
1416 2470 1501 2498 non
1516 2452 1647 2516 potest
1661 2485 1672 2505 ‚
1707 2446 1916 2494 manifesto
1926 2460 2018 2506 prae-

433 2518 581 2563 scribit.
618 2521 687 2564 Ut
700 2535 785 2563 non
800 2521 933 2565 solum
949 2536 1084 2565 novus
1094 2519 1276 2566 mundus
1288 2555 1300 2574 ‚
1335 2517 1401 2565 fed
1424 2524 1466 2564 &
1489 2536 1598 2564 nova
1610 2514 1782 2565 Ecclefia
1794 2548 1806 2569 ‚
1839 2515 2015 2569 novaque

432 2582 564 2629 salutis
586 2583 847 2647 adipiscendae
871 2588 975 2633 ratio
999 2602 1076 2650 pro
1101 2588 1220 2632 novis
1241 2585 1322 2634 istis
1334 2584 1573 2633 hominibus
1585 2577 1846 2644 excogitanda
1856 2593 1898 2623 ac
1907 2571 2017 2683 effigr·

1892 2655 1964 2704 gen
1990 2651 2009 2681 a
