2116 2901
370 112 445 158 DE
478 110 818 158 PRovaNTm
852 111 950 157 Dm
996 128 1049 157 1N
1083 124 1272 160 SPECIE..
1562 133 1632 178 331

85 189 242 240 XXIII.
276 193 422 252 Atque
434 188 509 236 hac
522 191 678 236 ratione
691 191 734 234 in
749 191 946 236 omnibus
959 192 1050 237 vitae
1064 191 1216 239 casibus
1227 193 1310 239 sors
1335 192 1540 241 dominari
1566 195 1630 240 so-

26 260 100 311 let3
115 259 234 304 etiam
247 259 289 303 in
303 257 422 302 rebus
434 256 618 302 maxime
633 254 737 300 seriis
750 289 762 309 ‚
786 259 829 300 &
842 257 884 300 in
898 257 1048 317 quibus
1060 260 1244 304 multum
1256 259 1405 306 nostrae
1422 259 1630 307 industria:

26 325 207 377 relictum
222 321 295 377 est,
308 323 461 383 quibus
472 320 695 367 fortuitum
712 320 882 382 aliquod
894 321 1137 369 intercedere
1151 323 1283 386 potest
1300 344 1309 370 ι
1325 340 1371 371 ut
1384 327 1424 370 in
1440 340 1632 388 apparatu

30 389 183 444 bellico,
198 387 384 436 custodi&
397 388 568 434 civitatis
579 392 659 433 &c.
717 391 866 449 Equus
874 403 1050 450 paratur
1061 390 1118 433 acl
1127 395 1232 435 diem
1241 394 1374 453 praelii,
1381 391 1455 449 ſsd
1465 397 1632 437 Domim'

28 455 267 517 estsblvatio.
294 459 418 499 Prov.
434 471 493 499 21:
510 470 553 515 31
563 488 573 499 .
607 458 650 498 Sc·
663 457 864 499 Dominus
876 472 953 498 non
966 455 1060 515 aedfi
1063 470 1121 500 cet
1131 455 1295 501 domum
1310 491 1323 511 ,
1355 456 1497 516 frustra
1522 457 1632 502 labo-

29 536 162 567 rarent
185 521 453 585 coaedtficantes
469 537 572 565 eam.
612 525 654 564 Si
665 523 868 566 Dominus
877 537 953 564 non
968 521 1155 580 custodiat
1165 528 1369 567 civitatem
1384 521 1553 583 ‚frustra
1567 530 1633 567 vi-

25 589 126 652 gilat
136 586 336 632 excub'itor
353 592 435 639 &a
470 585 569 630 Psal.
588 602 682 647 127:
699 602 731 638 1,
748 602 784 629 z,

94 654 249 699 XXIV.
285 653 492 714 Qamvis
504 664 640 696 autem
655 667 712 695 res
725 666 869 696 omnes
892 649 1072 697 fortuitae
1086 649 1231 697 nostro
1246 654 1413 700 arbitrio
1437 654 1500 698 vel
1513 652 1636 699 indu·

37 715 135 765 striae
150 716 332 775 snbjeffle
347 733 433 761 non
449 715 527 762 fint
538 751 551 772 ‚
588 715 654 762 sed
669 717 691 761 ὲ
716 718 798 761 Dei
811 716 929 762 solius
943 715 1201 779 providentia
1215 753 1227 772 ‚
1263 721 1534 780 aquai'omnes
1551 718 1636 764 istae

35 783 151 831 causae
165 797 359 846 reguntur
370 818 383 834 ,
420 780 672 846 dependeant
685 799 696 834 3
728 779 924 839 undesors
936 782 1016 846 ipfiz
1029 802 1047 828 e
1044 783 1190 846 jusque
1195 787 1401 846 judicium
1416 789 1512 832 Deo
1526 788 1638 832 attri-

38 849 186 899 buitur,
201 854 325 895 Prov.
340 856 401 895 16:
420 866 477 911 33.
504 865 589 893 non
605 849 797 895 tamenin
825 848 870 893 iis
886 847 943 893 est
957 849 1030 893 alia
1041 851 1125 894 Dei
1139 850 1393 911 providentia
1405 886 1417 902 ,
1455 853 1518 896 vel
1543 853 1640 896 alius

41 912 263 970 concursus,
285 931 413 976 quam
426 918 467 960 in
480 915 524 959 iis
535 915 668 967 rebus,
684 930 776 974 quae
791 912 875 959 fine
887 913 992 959 sorte
1006 930 1075 977 per
1087 919 1282 962 naturales
1293 917 1421 962 causas
1433 919 1639 962 eveniunt:

39 982 221 1042 quamvis
232 983 342 1042 enim
357 994 522 1026 eventus
534 981 599 1024 ille
630 978 809 1041 respectu
835 978 964 1025 nostri
978 980 1000 1024 {1
1010 979 1186 1027 fortuito
1211 982 1416 1029 causarum
1441 982 1641 1028 concursu

42 1044 254 1108 dependeat
267 1080 279 1101 ,
293 1047 470 1108 respectu
483 1059 620 1091 tamen
636 1046 842 1090 causarum
854 1046 1029 1107 ipsarum
1042 1045 1337 1093 naturaliffimo
1349 1046 1495 1100 mod0‚
1515 1053 1556 1094 &
1570 1064 1642 1093 ne-

43 1109 216 1164 ceffario,
228 1111 340 1170 juxta
351 1111 597 1158 ordinariam
611 1112 693 1157 Dei
707 1107 1022 1174 providentiam,
1036 1114 1182 1158 evenit.

106 1180 240 1225 XXV.
278 1176 463 1240 Qando
474 1193 574 1240 ergo
585 1178 628 1222 in
640 1178 758 1223 rebus
770 1177 922 1222 levibus
934 1178 997 1223 vel
1018 1176 1182 1223 ludicris
1202 1181 1306 1226 sorte
1328 1181 1391 1224 vel
1403 1177 1525 1225 caulis
1558 1178 1644 1224 for-

48 1243 153 1306 tuitis
163 1246 320 1289 utimur
330 1278 343 1298 ‚
363 1260 448 1289 non
462 1242 520 1290 est
533 1245 574 1288 in
586 1245 632 1289 iis
643 1245 886 1303 provocatio
903 1241 1096 1304 quaedam
1108 1244 1278 1306 specialis
1290 1245 1339 1292 ad
1351 1243 1534 1291 divinam
1547 1260 1646 1307 pro-

51 1307 280 1365 videntiam,
295 1323 364 1356 aut
377 1311 603 1372 exploratio
616 1307 764 1355 divinae
780 1310 1003 1354 voluntatis
1018 1343 1030 1363 ‚
1057 1326 1139 1370 qua
1152 1309 1272 1356 videl.
1292 1327 1484 1373 rogamus
1496 1323 1564 1355 aut
1576 1327 1647 1356 ex-

51 1377 251 1440 pectamus
265 1390 312 1422 ut
335 1379 451 1422 Deus
464 1374 580 1438 {igno
594 1376 734 1436 aliquo
748 1375 867 1420 nobis
890 1373 1062 1421 declaret
1074 1408 1087 1429 ,
1122 1375 1224 1436 quid
1237 1374 1288 1421 de
1298 1394 1340 1422 re
1350 1376 1488 1422 futur&
1513 1374 1650 1421 decre..

4 1475 5 1479 ,
52 1443 147 1501 yerit
158 1476 171 1498 ‚
205 1440 566 1503 quemadmodum
580 1439 753 1486 Gideon
768 1441 836 1487 tali
849 1442 1145 1503 provocatione
1159 1442 1346 1488 utebatur
1358 1441 1479 1505 ,Jud.
1498 1450 1538 1487 6.
1573 1439 1649 1487 Sed
1706 1473 1714 1480 -

52 1505 354 1570 ,estib1fimplex
370 1521 533 1555 tantum
546 1509 600 1553 rei
613 1507 807 1569 susceptio
823 1541 835 1561 ,
848 1505 962 1565 cujus
974 1520 1138 1553 eventus
1153 1507 1311 1554 casui&
1326 1508 1503 1554 fortunae
1519 1505 1651 1564 subje-

57 1573 140 1619 &us
150 1573 218 1619 est.
253 1577 358 1619 Non
370 1591 467 1638 ergo
481 1573 690 1637 fingularis
703 1574 837 1632 aliqua
851 1574 993 1634 religio
1005 1589 1048 1617 ea
1060 1574 1102 1616 in
1115 1589 1157 1617 re
1168 1572 1357 1635 ponenda
1368 1571 1425 1619 est
1440 1608 1452 1624 ,
1480 1586 1549 1618 aut
1563 1572 1654 1617 usus

58 1638 169 1692 illius,
186 1638 260 1685 nisi
272 1641 355 1685 aliae
369 1639 558 1686 accedant
570 1636 881 1685 circumstantiae
894 1673 907 1689 ‚
929 1633 1108 1684 'ilficitus.

119 1707 279 1754 XXVI.
315 1703 677 1770 Considerandum
692 1717 828 1749 autem
842 1702 899 1749 est
911 1705 982 1758 rei,
995 1701 1045 1749 de
1058 1721 1140 1764 qua
1152 1705 1283 1767 agitur
1293 1740 1304 1756 ,
1334 1715 1598 1750 momentum
1611 1707 1655 1749 &

13 1791 15 1799 ¹
61 1768 216 1832 pondus
229 1805 241 1825 ‚
276 1776 316 1816 &
331 1787 407 1834 pro
421 1770 505 1830 ejus
528 1769 756 1817 diverfitate
768 1802 781 1823 ‚
807 1783 875 1815 aut
888 1767 1035 1829 majori
1048 1783 1117 1815 aut
1129 1772 1284 1816 minori
1308 1771 1525 1816 reverentia
1538 1768 1660 1816 sortes

16 1877 17 1881 ,
64 1837 214 1882 tractari
225 1834 371 1884 debent
386 1856 396 1882 ι
422 1835 532 1883 aliud
544 1838 655 1883 enim
666 1834 723 1881 est
734 1869 748 1890 ‚
790 1851 860 1898 per
872 1835 1022 1882 sortem
1045 1836 1132 1881 lites
1143 1835 1330 1899 expedire
1342 1869 1355 1890 ‚
1369 1838 1435 1886 vel
1446 1835 1658 1898 personam

69 1904 220 1948 muneri
234 1905 349 1949 alicui
360 1900 567 1955 destinare3
586 1899 696 1948 aliud
711 1915 848 1949 autem
861 1919 932 1965 per
943 1899 1147 1956 lusum‚ad
1158 1899 1372 1948 honestam
1386 1903 1534 1947 mentis
1546 1902 1663 1946 oble-

70 1966 294 2023 elationem,
307 1968 411 2014 sorte
423 1970 499 2015 uti.
544 1972 631 2017 Res
641 1969 753 2013 enim
766 1983 910 2015 omnes
921 1969 1059 2031 magni
1071 1969 1274 2013 momenti
1288 1984 1374 2012 non
1388 1967 1471 2013 fine
1484 1967 1664 2012 numinis

71 2035 280 2080 reverentia
290 2033 543 2097 incipiendae,
556 2049 692 2096 neque
704 2034 825 2081 etiam
838 2049 987 2082 temere
1001 2033 1097 2079 sorti
1111 2031 1363 2092 subjiciendae
1376 2034 1487 2085 sunt;
1509 2033 1581 2077 ubi
1595 2047 1667 2076 au-

63 2110 149 2156 *tem
162 2099 269 2145 aliter
292 2116 344 2146 eae
358 2099 536 2163 expediri
549 2112 760 2162 nequeunt
776 2137 789 2154 ,
816 2117 903 2146 non
930 2098 1013 2145 fine
1038 2100 1162 2144 animi
1174 2101 1369 2161 religione
1381 2097 1431 2144 ad
1442 2099 1590 2144 sortem
1603 2114 1668 2142 ac-

74 2160 201 2210 cedere
213 2170 254 2210 &
265 2166 445 2228 precibus
455 2169 511 2212 rei
534 2180 729 2213 eventum
740 2165 763 2209 Ξι
775 2171 874 2213 Deo
887 2179 1072 2229 expetere
1083 2163 1209 2211 decet.
1251 2171 1361 2228 Qae
1375 2179 1509 2210 autem
1534 2163 1670 2226 exigui

77 2232 269 2278 momenti
281 2231 384 2284 sunt,
402 2234 556 2278 minori
567 2249 665 2278 cum
677 2231 901 2278 devotione
912 2232 1051 2294 suscipi
1073 2227 1240 2293 possunt
1250 2265 1263 2286 ‚
1299 2245 1421 2291 atque
1444 2228 1544 2275 adeo
1556 2231 1597 2274 in
1611 2244 1673 2272 re·

78 2291 147 2340 bus
157 2296 320 2353 levibus,
334 2296 385 2345 ad
399 2300 546 2345 mentis
559 2297 822 2362 corporisque
835 2298 1124 2344 recreationem
1139 2329 1151 2351 ,
1176 2298 1272 2342 citra
1284 2299 1435 2342 crimen
1449 2330 1461 2350 ‚
1496 2296 1600 2341 sorte
1613 2295 1672 2338 uti

80 2357 161 2406 licet
197 2368 214 2417 (
226 2362 379 2410 servatis
403 2378 537 2410 tamen
553 2361 773 2411 necessariis
797 2365 998 2418 cautelisz)
1027 2364 1068 2407 in
1084 2361 1172 2407 lusu
1185 2365 1294 2408 enim
1309 2361 1386 2408 isto
1410 2377 1496 2407 non
1508 2359 1564 2405 est
1577 2375 1675 2422 pro-

82 2428 234 2472 vocatio
247 2427 296 2474 ad
306 2431 387 2476 Dei
399 2429 700 2493 providentiam
716 2466 729 2487 ,
742 2432 810 2477 vel
823 2429 1051 2494 exploratio
1065 2427 1149 2486 ejus
1161 2444 1173 2480 3
1203 2427 1301 2474 ficut
1313 2445 1356 2474 ea
1370 2426 1541 2489 quidem
1554 2428 1679 2471 inter-

82 2488 204 2545 cedit,
236 2510 331 2540 cum
354 2497 396 2540 in
420 2497 537 2544 rebus
559 2499 699 2561 magni
727 2497 933 2546 momenti
959 2495 1131 2540 sortium
1157 2508 1347 2541 eventum
1375 2493 1558 2557 precibus
1581 2495 1679 2538 Deo

85 2558 420 2613 commendamus.

962 2631 1006 2674 T
1031 2640 1048 2673 t
1085 2642 1106 2672 2
1492 2624 1678 2674 XXVII.
