2116 2901
430 122 487 180 84
819 111 1670 162 L132'1.CA1›·u‘rX11.
2050 0 2116 236 ἲ

429 218 476 249 ut
501 204 641 249 omnia
664 218 756 262 quae
780 202 822 245 in
850 202 1044 263 religione
1069 196 1269 246 asserimus
1282 196 1459 244 totidem
1478 198 1610 243 verbis
1621 199 1664 242 in
1676 194 1879 260 Scriptura
1891 195 2054 258 reperiri·

220 266 266 311 ό·
287 269 367 304 mvi
431 266 704 314 ostendamus.
739 270 830 312 Nec
844 267 990 311 melius
1005 263 1188 327 procedit
1211 273 1376 324 μεθοὸείω
1399 263 1745 325 Walenburgiana
1758 295 1776 316 ,
1793 278 1886 322 quae
1899 259 2057 313 hocsaff
2103 270 2110 286 ⁵

431 412 515 451 tur,
538 396 751 443 videantur
764 398 937 441 revelata
948 393 1022 440 effe
1035 394 1085 441 ad
1098 394 1238 441 fidem.

495 467 531 508 L
546 466 585 508 X
599 466 634 507 X
648 466 678 507 I.
733 460 893 508 frustra
917 475 1051 506 autem
1065 462 1285 506 occlamare
1298 461 1424 506 solent
1437 494 1450 514 ‚
1475 457 1602 504 fidem
1616 474 1704 504 non
1717 454 1790 503 effe
1801 455 2018 503 discursum
2068 492 2069 495 η

427 544 524 572 nam
550 526 730 572 similiter
763 525 863 572 fides
874 542 961 571 non
974 526 1031 571 est
1056 525 1215 571 auditus
1226 560 1238 580 ‚
1282 543 1354 571 nec
1367 527 1579 570 leftio·&c.
1616 529 1657 569 &
1670 538 1807 569 tamen
1820 521 1919 568 fides
1929 521 1986 568 est
1997 539 2046 569 ex

431 591 590 643 auditu,
604 593 838 645 le&ione,&
851 594 904 637 ita
916 593 1038 636 etiam
1050 607 1099 636 ex
1136 605 1311 650 ›mm-4435,
1331 591 1394 635 seu
1413 589 1603 636 discursu.
1641 593 1786 649 Atque
1798 586 1898 633 adeo
1912 589 2047 634 conse-

430 659 606 717 quentiae
629 674 679 702 ex
704 658 907 719 principiis
929 655 1026 701 fidei
1051 654 1237 701 deducta:
1264 657 1387 701 etiam
1400 654 1497 701 fidei
1511 656 1601 700 sunt
1614 689 1626 710 ‚
1639 655 1730 701 licet
1743 654 1911 699 rationis
1925 651 1973 698 fit
1988 669 2048 699 eas

431 722 732 782 consequentias
744 720 1059 767 animadvertere
1071 726 1113 766 &
1125 719 1332 767 deducere.
2039 757 2043 760 .

213 794 411 846 quifrustra
493 791 528 833 L
544 791 583 832 X
594 791 714 832 XII.
729 787 934 849 Praecipue
950 801 1085 832 autem
1101 785 1358 848 praetendunt
1371 784 1564 840 defectus,
1577 802 1683 846 quos
1695 786 1737 829 in
1750 784 2052 844 consequentiis

217 321 380 359 methodi·
431 335 554 396 tagit,
584 349 634 377 ne
658 349 703 377 ea
727 348 819 392 quae
847 348 896 376 ex
908 332 1120 392 Scripturis
1132 347 1200 393 per
1214 327 1466 376 necessariam
1478 329 1808 388 consequentiam
1820 324 2057 373 conficiam
2096 363 2097 366 ,

214 850 357 897 defeaus
433 851 580 897 nostris
604 853 676 898 {ese
700 855 868 915 reperire
891 866 1105 898 autumant
1119 873 1131 895 :
1160 868 1202 896 ac
1214 852 1354 914 primo
1369 851 1572 909 objiciunt
1591 885 1603 904 ,
1639 866 1725 894 non
1739 850 1812 894 alia
1828 865 1954 911 quam
1966 851 2047 911 pri·
2093 891 2097 894 .

213 907 405 965 “fnftq'oen'
433 918 525 963 vata
538 919 775 963 auctoritate
787 920 808 962 a
821 918 938 963 nobis
949 918 1249 977 consequentias
1262 916 1349 962 istas
1364 919 1471 962 nefti
1485 951 1497 971 ,
1511 931 1651 962 contra
1664 914 1840 968 dietum,
1863 919 1962 959 Non
1975 933 2047 961 ‘vo-.-

209 969 351 1060 ZZZ'?
430 985 588 1027 luntate
612 983 779 1028 hominis
802 985 925 1028 allata
938 984 990 1043 cst
1003 983 1217 1044 aliquando
1226 982 1514 1045 prophetiast‘d
1527 981 1553 1027 ἂ
1566 987 1716 1044 Spiritu
1728 982 1871 1026 Sanffo
1884 982 1976 1034 asti,
1989 983 2044 1025 lo-

213 1065 316 1103 dunt.
432 1055 515 1092 cuti
538 1048 641 1104 fitnt
665 1049 800 1092 Sancss'h'
825 1051 877 1092 illi
901 1053 980 1093 Dei
1003 1048 1189 1093 homines.
1230 1064 1267 1093 2.
1286 1053 1372 1093 Pet.
1399 1066 1415 1092 1
1433 1067 1441 1092 :
1469 1065 1490 1092 2
1502 1065 1535 1093 1.
1583 1048 1708 1108 Resp.
1735 1045 1863 1090 verbo
1889 1047 1974 1091 Dei
1995 1048 2048 1101 in¹

427 1110 570 1157 medio
596 1115 789 1157 omnium
812 1111 947 1174 posito
961 1147 973 1167 ‚
999 1114 1187 1175 peculiari
1198 1114 1438 1158 auctoritate
1451 1130 1494 1158 ac
1506 1111 1700 1175 potestate
1714 1109 1764 1156 ad
1776 1109 1818 1155 id
1829 1109 2045 1173 legendum

431 1176 833 1239 &interpretandum
846 1193 950 1240 opus
962 1194 1048 1222 non
1063 1175 1136 1222 effe
1146 1213 1157 1229 ,
1193 1176 1369 1223 sufficere
1382 1179 1491 1222 enim
1505 1176 1746 1223 mandatum
1760 1192 1802 1220 ac
1815 1174 2047 1237 promisfio-

430 1258 528 1287 nem
552 1245 636 1288 Dei
659 1241 709 1287 ad
722 1259 878 1297 omnes,
895 1244 1110 1305 praesertim
1126 1245 1166 1287 in
1180 1248 1239 1290 N.
1252 1246 1310 1289 T.
1338 1247 1407 1289 De
1420 1245 1514 1289 loco
1527 1257 1662 1288 autem
1674 1242 1779 1287 Petri
1789 1239 1873 1300 jam
1886 1254 1976 1286 ante
1985 1258 2046 1287 re-

428 1308 622 1369 sponsum
646 1307 703 1353 est
717 1342 728 1361 ‚
752 1310 1123 1370 interpretationem
1136 1310 1334 1354 nimirum
1347 1310 1558 1371 privatam,
1582 1325 1674 1368 quae
1691 1305 1755 1351 hic
1767 1307 2042 1368 proscribitur,

428 1389 517 1416 non
529 1370 603 1418 effe
614 1375 985 1435 interpretationem
998 1372 1176 1418 hominis
1188 1376 1332 1436 privati
1347 1408 1359 1427 ,
1396 1373 1461 1419 sed
1472 1391 1575 1427 eam,
1590 1390 1682 1434 quae
1695 1389 1744 1416 ex
1757 1373 1924 1434 proprio
1936 1373 2045 1435 inge÷

429 1439 502 1481 nio
526 1452 635 1483 extra
659 1441 877 1499 Scripturas
891 1437 1063 1501 fingitur
1077 1473 1091 1494 ,
1116 1437 1196 1485 five
1219 1456 1263 1485 ea
1287 1437 1529 1485 sithominis
1539 1440 1709 1501 privati,
1726 1436 1859 1483 sivein
1873 1438 2045 1500 publico,

431 1519 600 1547 munere
612 1503 837 1549 constituti.

496 1572 533 1613 L
547 1571 586 1612 X
599 1572 637 1612 X
651 1571 670 1613 I
683 1572 704 1612 Ι
720 1572 750 1613 [.
785 1574 964 1630 Pei-gunt
978 1590 990 1613 .·
1006 1571 1160 1614 nullam
1174 1587 1222 1615 ex
1234 1569 1380 1615 nostris
1392 1570 1686 1630 consequentiis
1706 1571 1747 1613 in
1762 1568 1970 1631 Scripturis
1982 1569 2047 1614 in-'

430 1634 556 1677 veniri
571 1667 583 1687 ,
607 1635 697 1678 licet
709 1634 765 1678 ibi
777 1635 961 1695 legantur
975 1637 1089 1681 variae
1104 1638 1315 1698 Scripturae
1331 1653 1400 1698 per
1413 1637 1659 1697 Scripturam
1672 1635 1951 1696 explicationes
1963 1668 1975 1689 ‚
2000 1648 2046 1680 ut

430 1699 543 1743 Gen.
564 1713 630 1756 15:
647 1706 684 1744 6.
704 1715 771 1743 22:
792 1715 855 1744 10.
900 1699 1009 1745 conf.
1032 1701 1117 1763 jac.
1150 1717 1189 1745 2:
1219 1719 1240 1746 2
1251 1718 1363 1761 1-24.
1411 1717 1543 1760 neque
1565 1703 1685 1746 etiam
1712 1701 1956 1761 Scripturam
1979 1698 2044 1760 ju-

428 1761 558 1808 dicare
572 1762 623 1808 de
636 1764 1013 1823 consequentiarum
1028 1765 1259 1811 nostrarum
1276 1768 1469 1813 bonitate.
1488 1766 1612 1827 Resp.
1626 1769 1730 1811 Non
1744 1781 1847 1827 opus
1859 1762 1932 1809 effe
1943 1766 2045 1811 Scri-

427 1841 559 1890 pturae
585 1830 931 1890 interpretationes
953 1847 1096 1875 omnes
1119 1830 1342 1876 formaliter
1369 1834 1411 1876 in
1436 1830 1514 1893 ipsa
1528 1831 1732 1893 Scriptura
1748 1846 1976 1881 occurrere3
1993 1828 2046 1875 fic

429 1894 542 1937 enim
567 1894 706 1938 aetum
731 1890 822 1938 esset
844 1893 895 1939 de
918 1898 1034 1939 omni
1059 1898 1270 1958 Scripturae
1296 1898 1622 1958 interpretatione
1636 1929 1648 1949 ,
1672 1912 1768 1940 cum
1782 1892 1949 1941 sufficiat
1959 1911 2045 1940 rem

430 1957 555 2018 ipsam
566 1974 616 2002 ex
630 1959 834 2020 Scriptura
847 1961 932 2004 elici
947 1994 959 2013 ‚
984 1965 1026 2006 &
1040 1962 1264 2006 verborum
1277 1979 1320 2006 ac
1332 1962 1516 2006 sensuum
1529 1959 1722 2023 potestate
1745 1964 1786 2005 &
1800 1960 2046 2020 consequen-

430 2024 486 2067 tia
501 2021 803 2085 comprehendi.
839 2023 1001 2070 Deinde
1014 2028 1134 2071 etiam
1147 2060 1159 2080 ‚
1175 2043 1261 2070 non
1274 2029 1485 2088 Scripturae
1502 2059 1513 2079 ‚
1539 2024 1603 2071 scd
1619 2027 1784 2070 rationis
1814 2025 1976 2088 proprie
1989 2024 2046 2071 est

398 2097 401 2101 '
429 2086 482 2132 de
504 2090 721 2134 veritatum
744 2091 998 2134 connexione
1020 2089 1220 2149 judicare3
1248 2096 1290 2136 δε
1314 2092 1558 2151 quorumvis
1582 2089 1802 2136 hominum
1818 2125 1830 2144 ‚
1846 2090 2047 2152 ipsorum-
2094 2113 2104 2121 ν

430 2168 512 2211 que
537 2151 638 2197 adeo
662 2151 979 2199 adversariorum
1002 2190 1013 2206 ,
1054 2170 1194 2201 contra
1223 2173 1330 2217 quos
1352 2159 1532 2210 ecimus,
1573 2156 1820 2202 conscientiae
1843 2153 1925 2200 hoc
1951 2152 2047 2202 offi-

433 2219 546 2262 cium
559 2217 630 2262 est.
1716 2266 1723 2273 ,

499 2286 535 2326 L
550 2285 671 2327 XXI
684 2287 738 2329 V.
789 2287 924 2338 Porro
948 2285 1149 2345 objiciunt
1180 2306 1190 2331 :
1225 2289 1425 2332 rationem
1460 2283 1570 2348 posse
1593 2303 1720 2332 errare
1742 2288 1784 2330 in
1808 2283 2048 2331 deducendis

433 2346 729 2406 consequentiis
751 2364 763 2398 ;
792 2364 889 2409 ergo
913 2366 973 2395 eas
1001 2351 1277 2397 conclufiones
1290 2369 1374 2397 non
1387 2350 1495 2415 polle
1507 2350 1581 2397 effe
1593 2350 1701 2398 fidei.
1736 2353 1860 2413 Resp.
1875 2369 1906 2396 1.
1929 2355 2048 2405 Con-

431 2411 658 2470 sequentia,
688 2429 816 2472 quam
841 2416 944 2459 ratio
968 2415 1105 2462 nostra
1130 2416 1305 2468 format,
1345 2434 1431 2462 non
1456 2417 1551 2463 facit
1580 2415 1733 2476 aliquid
1746 2412 1819 2461 effe
1834 2414 1953 2467 fidei,
1983 2413 2047 2461 sed

433 2474 613 2522 ostendit
633 2476 735 2522 illud
760 2491 920 2523 tantum
933 2495 945 2530 3
977 2479 1027 2525 cle
1042 2480 1124 2527 fide
1135 2496 1270 2527 autem
1284 2481 1437 2543 aliquid
1450 2482 1621 2543 est,quia
1635 2484 1777 2527 nititur
1790 2480 1926 2527 divina
1937 2495 2048 2526 reve-

432 2541 604 2597 latione,
641 2541 759 2604 quod
771 2559 841 2605 per
853 2545 1181 2607 consequentiam
1192 2548 1326 2594 solum
1340 2547 1578 2596 ostenditur.
1623 2564 1662 2598 .2.
1692 2551 1734 2594 &
1748 2548 1935 2610 quamvis
1946 2547 1988 2590 in
1999 2558 2047 2589 eo

1946 2625 2048 2660 erfa-
