2116 2901
331 145 439 192 De
505 146 1314 197 VoLuurartDtr'.
1579 166 1651 211 123

32 239 178 294 33De0
189 247 358 298 ponant.
390 235 498 295 Ejus
509 234 716 280 voluntati
726 241 818 298 quis
826 232 971 295 obstitit
984 241 1004 281 ?
1037 238 1173 283 Rom.
1188 253 1231 292 9:
1252 252 1316 299 19.
1336 230 1442 298 Ejus
1454 235 1654 295 confilium

24 302 386 370 stabit‚&omnem
397 300 653 345 voluntatem
654 299 780 358 fitam
784 301 911 361 faciet
943 300 1049 347 Esai.
1076 308 1151 360 46:
1174 317 1241 346 10.
1869 335 1873 338 .

96 369 213 415 XIII.
246 361 348 410 Inde
369 364 558 410 voluntas
578 366 662 410 Dei
684 363 742 411 est
764 366 896 427 prima
919 366 1032 411 causti
1054 381 1205 410 rerum.
1242 368 1363 430 *Quia
1388 381 1433 411 tu
1447 365 1646 424 condidisti
1669 365 1723 423 leq
1735 357 1830 408 αἰξὶ

31 441 181 489 ennias
209 437 256 484 (ῤ’
262 445 335 492 per
345 432 601 476 voluntatem
614 430 834 488 tuamstmt
846 436 895 483 (ᾗ
905 446 1042 475 creata
1056 430 1172 488 fiant.
1209 434 1346 492 Apoc.
1358 447 1404 490 4:
1425 448 1440 476 1
1452 448 1469 476 1
1478 466 1487 476 .
1525 435 1586 476 Ita
1599 445 1645 476 ut
1661 423 1782 464 pruma

30 500 81 547 ab
91 515 133 544 ea
144 512 228 542 non
239 495 371 541 solum
384 510 442 540 res
453 494 543 556 ipfae
555 528 569 546 ,
606 511 752 540 verum
764 496 887 541 etiam
899 496 1036 540 omnis
1047 497 1102 540 rei
1127 493 1280 540 modus
1291 530 1304 549 ,
1330 512 1472 550 nexus,
1489 497 1646 551 veritas,
1663 469 1828 561 nugare-

33 562 134 610 ordo
148 597 160 617 ‚
171 563 233 607 lex
246 595 258 615 ‚
275 560 449 615 bonitas,
461 565 505 606 δε
518 558 721 621 quicquid
733 561 910 605 omnino
922 561 965 605 in
981 560 1099 606 rebus
1110 561 1269 622 concipi
1283 559 1427 622 potest,
1444 559 1648 623 depende·
1748 549 1760 559 ⁰

33 643 84 687 at.
117 632 265 687 Neque
287 626 367 671 ulla
389 623 474 685 ejus
497 625 609 671 causa
632 625 798 687 proprie
815 623 925 670 dieta
936 623 1072 679 datur,
1085 627 1274 685 quamvis
1285 626 1384 687 saepe
1396 627 1555 671 occulta
1565 625 1650 686 ejus

31 693 146 742 detur
166 693 290 737 ratio:
315 706 448 752 neque
471 691 552 736 ulla
563 689 717 748 obieeti
728 691 887 736 bonitas
897 706 986 735 earn
999 706 1167 735 movere
1178 691 1242 735 vel
1254 692 1289 735 ei
1301 689 1484 752 praestrui
1498 690 1645 753 potest.

36 763 161 822 Cycjus
183 761 276 804 vult
299 755 531 814 mgferetur,
558 773 681 819 quem
701 771 840 803 autem
852 757 973 810 vult,
996 755 1177 802 indurat.
1212 759 1349 802 Rom.
1363 773 1407 813 9:
1426 757 1492 802 18.
1527 758 1649 803 Circa

35 823 147 888 quod
159 837 277 887 caput
287 822 487 884 Pelagiani
499 821 770 883 impegerunt.

98 894 214 937 XIV.
252 888 458 951 Qamvis
470 900 606 932 autem
619 890 736 933 Deus
751 888 804 932 ita
818 886 1001 933 absolute
1014 888 1155 933 omnia
1167 888 1277 941 velit,
1295 886 1553 933 &liberrima
1564 885 1649 946 ejus
1669 889 1714 937 ὁ·
1724 891 1865 942 quidem

36 956 216 1003 voluntas
237 955 259 999 ὲ
282 953 394 998 nulla
417 951 656 998 conditione
681 953 844 998 externa
866 950 1112 1014 dependeat,
1147 951 1333 1012 adeoque
1358 953 1467 997 nulla
1491 950 1646 998 decreta
1667 949 1782 1013 0⁰⁹⁸?
1802 943 1869 979 ab·

36 1019 304 1068 conditionata
326 1020 369 1063 in
392 1021 490 1064 Deo
514 1016 616 1080 fingi
640 1015 814 1080 poffint3
842 1016 1112 1063 nihilominus
1136 1034 1180 1063 ea
1202 1019 1360 1062 exitum
1373 1017 1439 1062 seu
1450 1014 1647 1063 effectum
1658 1001 1764 1051 [σιω
1776 997 1866 1037 *²²²³*

39 1088 132 1149 saepe
141 1101 225 1130 non
239 1083 357 1130 habet
370 1117 382 1137 ‚
395 1081 470 1128 nis1
481 1084 770 1128 interveniente
782 1084 942 1128 aditione
953 1083 1076 1128 causa:
1091 1081 1271 1128 secundae
1284 1117 1297 1137 ‚
1313 1084 1411 1127 &in
1424 1083 1650 1128 moralibus

37 1150 209 1197 hominis
231 1149 396 1195 arbitrio
420 1153 464 1194 &
487 1150 725 1194 voluntate:
751 1147 846 1193 hinc
858 1150 1096 1194 eni-mcertae
1111 1147 1303 1208 quaedam
1326 1149 1535 1193 relationes
1546 1149 1651 1192 inter

39 1220 182 1273 Deum
201 1220 244 1261 &
268 1228 490 1261 creaturam
513 1215 751 1260 rationalem
777 1215 994 1268 oriuntur,
1019 1212 1069 1259 ad
1081 1230 1182 1274 quas
1193 1215 1288 1260 certi
1300 1211 1472 1273 quidam
1484 1210 1653 1258 effeftus

36 1283 200 1341 morales
221 1277 431 1326 necessario
454 1281 776 1340 consequuntur.
812 1283 876 1325 Ita
888 1278 1070 1324 sanffiras
1082 1293 1271 1324 creaturae
1285 1279 1417 1323 liberae
1431 1277 1488 1323 est
1501 1277 1652 1324 funda-

41 1360 221 1410 mentum
244 1346 445 1392 relationis
466 1345 571 1390 illius
581 1347 685 1390 inter
696 1348 840 1391 Deum
852 1349 895 1390 &
906 1358 1129 1390 creaturam
1142 1344 1310 1393 liberam
1322 1377 1335 1398 ,
1373 1357 1420 1389 ut
1432 1346 1548 1389 Deus
1560 1360 1653 1406 erga

39 1413 144 1458 illam
167 1411 379 1474 depromat
398 1411 542 1456 omnia
564 1411 656 1465 illa,
691 1426 784 1470 quae
809 1410 861 1455 ab
884 1426 1023 1455 amore
1034 1409 1118 1467 ejus
1129 1425 1221 1470 erga
1236 1423 1458 1454 creaturam
1473 1409 1651 1454 sanetam

40 1477 198 1540 separari
219 1493 306 1522 non
329 1473 507 1539 possunt.
543 1479 611 1521 Ex
634 1473 797 1520 adverso
821 1488 1029 1538 peccatum
1053 1488 1242 1520 creaturae
1266 1472 1583 1520 fundamentum
1595 1473 1653 1519 est

40 1544 236 1594 relationis
256 1544 360 1588 illius
381 1544 484 1588 inter
507 1544 651 1588 Deum
664 1545 707 1586 δε
718 1555 941 1587 creaturam
955 1541 1226 1603 peccatricem,
1244 1556 1326 1599 qua
1338 1543 1452 1585 Deus
1465 1553 1655 1585 manente

40 1609 110 1655 illo
129 1606 396 1654 fundamento
418 1623 511 1670 erga
532 1623 621 1652 eam
633 1604 841 1669 depromit
851 1608 994 1651 omnia
1005 1607 1085 1660 illa,
1097 1622 1191 1665 qua:
1206 1622 1301 1650 cum
1314 1603 1415 1649 odio
1428 1605 1532 1649 illius
1545 1620 1654 1649 crea-

41 1687 138 1729 turae
162 1672 380 1733 conjunfflt
399 1673 514 1725 sunt3
551 1673 686 1733 qualia
708 1686 801 1719 turn
824 1676 940 1718 Deus
962 1670 1076 1729 juxta
1098 1685 1297 1717 aeternum
1311 1670 1428 1715 suum
1443 1667 1652 1715 decretum

45 1738 208 1785 confert.
245 1738 411 1800 Qibus
431 1739 536 1783 male
557 1738 766 1783 intelleffls
788 1735 959 1797 quidam
983 1740 1081 1782 Deo
1106 1735 1292 1798 imperite
1315 1733 1545 1797 adscripsere
1556 1731 1655 1779 affe-

49 1805 132 1850 &us
154 1802 425 1867 &paffiones,
458 1818 645 1848 amorem
668 1807 712 1848 δε
734 1801 882 1848 odium
896 1835 909 1857 ‚
943 1803 1156 1847 velleitatcs
1179 1816 1353 1861 quoque
1376 1805 1418 1845 δε
1441 1798 1646 1850 desideria,

45 1871 136 1932 quia
147 1871 342 1916 nimirum
353 1865 670 1915 fundamentum
682 1866 849 1913 istarum
862 1869 1108 1913 relationum
1121 1865 1344 1927 aliquando
1357 1878 1553 1910 mutatur.

107 1938 213 1983 XV.
245 1936 438 1996 Dem'que
459 1935 648 1979 voluntas
659 1935 742 1980 Dei
754 1932 1016 1980 immutabilis
1029 1930 1101 1976 est.
1134 1935 1219 1993 Ego
1233 1931 1404 1993 Jehova
1418 1949 1494 1975 non
1506 1945 1656 1976 mutor.
1680 1930 1734 1979 Est
1756 1931 1861 1968 etiam

47 2001 147 2047 Mal.
175 2017 211 2064 3:
235 2010 276 2048 6.
311 2005 411 2047 IVon
434 2007 652 2045 mentietur
676 2005 724 2052 ὠ·
746 2017 824 2043 non
841 1997 1047 2061 poenitebit
1071 2012 1192 2048 eum;
1219 2004 1316 2059 quia
1341 2014 1419 2041 non
1444 1995 1557 2042 homo
1582 1994 1651 2041 est.
1678 1988 1846 2047 ‘'f'',mum'

54 2082 88 2113 1.
100 2069 208 2113 Sam.
225 2081 374 2128 15:29.
412 2067 626 2126 Confilium
647 2063 818 2127 Jehovae
840 2071 882 2108 in
893 2063 1079 2122 ftculum
1102 2062 1277 2123 consistit.
1312 2061 1412 2106 Psal.
1433 2077 1492 2122 33:
1514 2079 1576 2108 11.
1615 2065 1659 2107 Ι-
1675 2038 1760 2077 ⁶²²⁶*

49 2129 140 2186 dem
151 2134 258 2178 enim
270 2130 432 2195 semper,
447 2134 490 2176 δε
502 2128 648 2176 eodem
660 2128 793 2175 modo
804 2129 907 2174 vult.
944 2132 1091 2187 Atque
1102 2125 1188 2172 haec
1199 2125 1283 2185 ejus
1298 2127 1487 2172 voluntas
1504 2127 1660 2189 semper

48 2197 374 2259 impletur:,nam
398 2194 470 2243 etsi
494 2196 673 2241 aberrare
693 2208 882 2241 creaturae
907 2190 1116 2238 interdum
1139 2190 1546 2254 videanturaregulis
1567 2190 1663 2254 ipfis

50 2261 202 2323 positis,
231 2276 365 2309 tamen
377 2260 594 2309 confilium
607 2261 728 2307 suum
739 2264 856 2307 Deus
868 2259 1020 2322 semper
1033 2258 1262 2318 exequitur.
1299 2261 1451 2318 Neque
1460 2255 1558 2303 hinc
1571 2257 1660 2302 ullo

50 2326 175 2375 modo
197 2329 353 2377 tollitur
372 2343 511 2375 rerum
532 2327 808 2389 contingentia
831 2359 844 2380 ‚
867 2340 966 2370 cum
989 2324 1180 2369 voluntas
1205 2324 1289 2369 Dei
1310 2324 1448 2385 potius
1470 2321 1586 2368 radix
1608 2321 1660 2368 fit
1722 2346 1724 2349 v

45 2395 180 2439 ‘omnis
201 2395 482 2458 contingentiae
506 2396 550 2438 ὅ(
573 2391 764 2439 libertatis
785 2393 829 2436 in
852 2390 972 2436 rebus
993 2390 1152 2440 creatis;
1183 2390 1281 2449 quia
1291 2403 1438 2451 nempe
1451 2404 1493 2433 ea
1506 2385 1557 2432 ad
1568 2388 1664 2432 tales

52 2455 212 2505 effeetus
235 2461 327 2506 tales
350 2459 479 2508 causas
500 2455 733 2505 ordinavit:
757 2459 847 2503 imo
872 2471 923 2500 ne
947 2453 1118 2516 quidem
1144 2455 1225 2499 ulla
1250 2454 1295 2502 in
1308 2455 1496 2498 creaturis
1507 2453 1665 2497 libertas

52 2525 203 2586 concipi
234 2522 362 2589 posset
392 2556 409 2588 ,
487 2523 565 2578 nifi
597 2525 715 2576 Deus
746 2521 826 2588 ipse
859 2520 968 2570 foret
1004 2535 1074 2567 ens
1105 2519 1364 2570 liberrimum
1400 2522 1444 2564 &
1480 2515 1663 2562 absolute

50 2584 264 2652 sumum.
313 2592 321 2595 ⁴
396 2592 398 2594 ’

901 2654 1008 2714 082.
1434 2648 1556 2696 XVI.
1596 2647 1671 2695 Se-
