2116 2901
296 110 382 161 Dss
419 116 792 163 SCRIPTURAE
829 117 955 162 Usu
991 114 1402 160 &LEc-noma
1609 117 1668 171 69

115 193 138 237 Ι
150 191 202 236 Χ.
237 189 414 237 Secunda
439 193 651 254 Scripturae
663 194 920 254 oppugnatio
933 191 1037 236 faeta
1049 190 1128 236 fuit
1141 207 1210 253 per
1222 190 1480 235 revelationes
1492 185 1670 249 singula-

9 260 10 264 ’
52 270 110 304 res
121 290 133 310 ‚
156 255 286 301 modo
309 255 368 301 his
381 290 393 309 ‚
419 255 552 302 modo
575 257 650 302 illis
662 256 793 302 -fac‘tas
809 273 821 309 3
849 256 1050 319 speciatim
1064 258 1166 306 circa
1179 254 1331 301 statum
1341 267 1612 299 mortuorum
1624 256 1669 298 &

52 322 330 384 purgatorium
345 355 357 373 ,
371 321 514 366 saeculo
526 339 593 366 ΧΠ
608 326 649 366 &
664 322 774 383 seqq.

117 389 170 431 X.
205 384 388 438 Succeffit
411 389 525 432 tertia
537 421 549 440 ‚
590 389 716 449 magis
728 402 863 432 tamen
877 401 1040 437 conatu,
1057 402 1184 447 quam
1200 381 1372 436 successu
1385 418 1397 438 ‚
1423 400 1492 447 per
1504 398 1668 430 novum

47 449 146 497 illud
157 453 440 512 Euangelium,
455 455 568 514 Sp.S.
581 453 645 497 seu
659 465 857 497 aeternum
871 450 1032 498 dietum
1047 485 1059 506 ,
1072 452 1172 496 circa
1186 466 1341 496 annum
1355 454 1419 494 cla
1431 466 1567 495 chv1.

114 518 149 558 X
165 521 200 561 Ι.
238 523 393 579 Qarta
416 516 542 563 clades
554 516 626 579 ipfi
639 518 744 562 illata
758 518 835 563 fuit
847 534 915 579 per
928 515 1134 579 Legendas
1147 516 1383 562 sanctorum
1396 549 1408 570 ,
1423 531 1516 576 quae
1529 529 1666 577 popu-

50 582 93 629 lo
105 583 312 643 Scripturae
326 583 418 627 loco
432 582 605 628 obtrusae
618 617 630 636 ‚
673 585 775 643 quin
790 588 831 628 &
845 584 901 627 illi
914 581 1226 645 praelataesuere.

115 649 148 689 λ’
168 651 233 692 ΙΙ.
270 649 481 708 Qintum
506 653 548 692 δε
571 650 768 693 ultimum
792 650 940 693 vulnus
964 649 1177 709 Scripturae
1191 647 1349 692 illatum
1363 644 1421 691 est
1445 661 1515 707 per
1539 661 1664 693 cano-

50 726 116 757 nes
137 715 311 758 Concilii
335 711 568 758 Tridentini
582 748 593 764 ,
607 718 649 758 &
662 711 820 759 decreta
834 711 1104 763 Pontificum,
1119 712 1414 771 Caesarumque
1426 710 1557 756 edffia
1569 709 1663 756 inde

48 778 275 830 consecuta3
305 779 454 839 quibus
469 780 578 840 plebs
590 777 819 824 Christiana
834 813 845 832 ‚
869 793 1066 839 tanquam
1081 780 1248 840 porci&
1261 793 1373 822 canes
1385 812 1397 828 ,
1427 777 1448 821 a
1468 777 1576 827 sacro
1588 777 1662 821 illo

48 843 195 905 pabulo
209 844 343 889 abaeta
367 843 460 895 fuit,
485 846 700 905 multaque
712 845 1005 890 contumeliosa
1019 846 1061 888 in
1075 846 1114 889 S.
1127 845 1352 905 Sripturam
1362 842 1523 905 publice
1534 841 1661 902 jaffa-

47 921 86 953 ta
97 912 137 953 &
148 907 299 954 defensa
311 909 488 954 fuerunt.

109 975 145 1015 X
162 977 181 1018 Ι
196 978 214 1018 Ι
227 979 246 1018 Ι
251 1009 260 1019 .
295 978 440 1020 Tantae
455 990 588 1021 autem
602 974 829 1038 tyrannidis
841 973 990 1020 invidia
1002 972 1142 1020 staude
1153 989 1196 1019 ac
1209 971 1310 1019 dolo
1323 971 1550 1035 obtegenda
1562 988 1657 1020 erat.
1678 972 1749 1011 licet
1763 976 1834 1014 dolo

47 1036 174 1086 Unde
195 1040 233 1083 in
259 1042 442 1103 catalogo
464 1041 668 1085 librorum
692 1039 1000 1102 prohibitorum
1015 1055 1169 1085 canone
1183 1056 1240 1085 iv.
1256 1041 1447 1101 Sripturae
1460 1039 1552 1085 usus
1566 1056 1655 1102 per·
1677 1034 1774 1073 ‘²3⁶⁸’

47 1105 219 1149 mittitur
240 1107 306 1158 iis,
333 1109 405 1167 qui
429 1105 514 1164 ejus
534 1109 590 1150 rei
613 1105 843 1152 facultatem
869 1106 919 1150 ab
940 1104 1149 1151 ordinario
1163 1105 1458 1150 obtinuerunt:
1486 1122 1580 1166 quae
1593 1123 1657 1152 rc-

48 1171 137 1231 gula
158 1184 289 1215 tamen
313 1173 365 1216 ita
388 1173 608 1234 explicatur
631 1170 816 1216 inindice
829 1172 932 1217 Sixti
946 1173 1098 1232 Qinti
1111 1175 1153 1215 &
1166 1171 1390 1215 Clementis
1402 1171 1556 1216 octavi
1571 1206 1584 1225 ‚
1610 1186 1657 1218 ut

47 1236 234 1280 omnibus
256 1237 461 1299 Episcopis
474 1271 486 1291 ‚
510 1235 828 1297 Inquifitoribus
851 1241 929 1281 &c.
955 1239 1091 1281 omnis
1114 1234 1285 1298 potestas
1299 1235 1529 1282 facultatem
1542 1238 1654 1286 illam

43 1299 283 1346 concedendi
296 1300 479 1365 adempta
492 1304 804 1365 pronuntietur:
817 1302 891 1348 sub
902 1303 1044 1349 Bibliis
1055 1303 1166 1347 sacris
1178 1303 1300 1347 ctiam
1313 1317 1460 1346 eorum
1473 1301 1652 1349 summa-

42 1367 106 1411 riis
117 1371 158 1411 &
169 1366 415 1429 compendiis
427 1366 704 1430 comprehensi
711 1385 740 1413 s.

103 1434 141 1477 X
153 1436 173 1476 I
185 1436 239 1478 V.
273 1437 492 1479 Praetextus
515 1431 775 1484 obtenditur,
803 1450 853 1478 ne
875 1435 1021 1496 vulgus
1044 1434 1282 1495 imperitum
1295 1432 1335 1477 in
1349 1430 1507 1478 haereses
1518 1433 1653 1495 prola·
1672 1437 1718 1486 ὁ·
1730 1437 1871 1490 piaetex-

43 1495 170 1542 batur.
205 1496 279 1543 Sed
304 1515 428 1544 vanus
444 1518 453 1543 z
481 1515 574 1544 nam
601 1499 623 1543 ὲ
638 1501 841 1544 contrario
855 1501 1067 1562 Scripturae
1082 1498 1132 1544 ad
1144 1496 1383 1544 formandos
1394 1515 1530 1544 mores
1541 1504 1583 1544 ὃ(
1597 1497 1650 1543 fi-
1671 1495 1757 1532 tibus
1767 1499 1827 1534 ‘'⁷³-

39 1560 131 1606 dem
153 1579 221 1625 per
244 1564 278 1607 se
300 1563 552 1614 conducunt.
589 1568 784 1611 Ball-rina
798 1564 967 1627 Jehovae
978 1565 1029 1625 est
1041 1573 1209 1628 integra,
1230 1564 1436 1623 restituens
1447 1572 1644 1610 animam.
1668 1551 1831 1599 ‘'“st‘³¹‘⁸·

36 1627 461 1693 tqstimoniumJehovae
473 1647 616 1685 verax,
620 1634 859 1693 sapientiam
872 1630 1042 1690 affirens
1054 1630 1465 1692 imperit0.Mandata
1476 1629 1649 1691 Jehovae

29 1694 126 1751 sunt
149 1697 252 1739 rec't‘a
265 1729 278 1749 ,
305 1697 537 1757 laetificantia
559 1704 761 1741 animum.
786 1696 883 1740 Psal.
903 1714 967 1753 19:
988 1697 1029 1749 8,
1044 1714 1086 1753 9.
1116 1699 1205 1740 Nec
1217 1693 1407 1740 haereseos
1418 1697 1646 1758 periculum

38 1770 121 1803 tam
133 1759 154 1803 a
166 1762 336 1821 populo,
351 1778 477 1821 quam
491 1764 512 1806 a
524 1763 701 1808 litteratis
713 1766 755 1806 &
767 1762 947 1823 perverse
960 1760 1094 1806 doctis
1107 1762 1307 1806 imminet.
1344 1763 1402 1805 Et
1413 1777 1485 1805 cur
1495 1762 1643 1823 imagi-

36 1837 101 1868 nes
111 1827 243 1885 potius
255 1827 276 1870 ὲ
289 1827 502 1889 conspeetu
527 1828 650 1889 plebis
661 1842 747 1871 non
760 1842 974 1874 removent
987 1861 999 1880 ‚
1038 1843 1131 1886 quae
1147 1842 1286 1871 earum
1300 1826 1461 1887 aspeffi'tu
1473 1831 1516 1871 δε
1529 1828 1643 1872 cultu

34 1888 74 1932 in
95 1888 361 1951 gravissimam
385 1891 660 1938 idololatriam
686 1926 698 1946 ,
732 1893 796 1937 vel
820 1891 912 1954 ipsis
935 1891 1160 1937 adversariis
1182 1890 1398 1937 fatentibus
1422 1925 1435 1944 ,
1458 1890 1600 1938 incidit
1612 1894 1629 1937 ζ

35 1954 149 2013 quod
171 1958 288 2002 etiam
303 1956 351 2002 de
363 1961 576 2021 Scripturae
589 1958 831 2003 obscuritate
842 1958 1187 2019 causanturJupra
1198 1958 1444 2019 explicatum
1456 1955 1527 2002 est.
1563 1955 1641 2003 Sed

35 2034 122 2064 vera
134 2021 241 2066 causa
251 2039 322 2068 cur
331 2023 457 2069 sacros
467 2022 627 2069 codices
639 2024 752 2085 vulgi
765 2023 952 2068 manibus
963 2026 1130 2086 eripiant
1143 2057 1155 2073 ‚
1173 2021 1259 2068 haec
1271 2024 1388 2068 unica
1400 2020 1525 2076 est‚ne
1535 2022 1644 2086 ipso-

33 2099 122 2130 rum
136 2083 279 2147 hereses
290 2090 486 2135 nimirum
498 2091 520 2134 a
533 2090 690 2152 populo
703 2086 939 2133 Christiano
952 2086 1319 2151 deprehendantur.

98 2153 135 2195 X
147 2156 201 2197 V.
237 2154 330 2198 Alia
355 2169 489 2200 autem
502 2155 621 2200 nobis
633 2170 747 2199 mens
759 2151 829 2205 est,
845 2155 918 2214 qui
931 2157 1180 2216 Scripturam
1193 2154 1358 2216 populo
1367 2148 1638 2200 commenda-

30 2231 146 2270 mm,
168 2222 210 2262 &
231 2217 384 2281 legendi
396 2218 645 2265 methodum
669 2218 831 2281 fingulis
843 2233 920 2279 pro
934 2234 1054 2281 captu
1079 2219 1362 2281 prescribimus
1383 2252 1397 2272 ,
1433 2217 1635 2278 adjunctis

33 2296 119 2326 ante
140 2285 276 2329 omnia
300 2285 480 2345 precibus
504 2284 556 2331 ad
566 2286 706 2330 lumen
719 2282 878 2328 coz-leste
889 2283 1200 2330 sollicitandum.
1237 2287 1390 2344 Neque
1400 2282 1493 2329 ideo
1508 2285 1643 2346 publi·

31 2363 100 2393 cos
109 2363 236 2394 coetus
249 2384 260 2403 ‚
285 2365 352 2396 aut
362 2352 473 2396 verbi
486 2350 758 2396 ministerium
772 2347 1016 2396 destruimus
1027 2385 1040 2402 ‚
1060 2367 1156 2396 cum
1171 2350 1281 2394 aliter
1292 2347 1436 2395 doceat
1449 2351 1507 2394 Sri
1513 2363 1633 2411 ptura

33 2412 130 2457 ficta
141 2447 153 2466 ,
177 2433 253 2458 non
266 2415 488 2472 defi-rendas
502 2432 646 2479 nempe
658 2416 724 2479 effi’
737 2422 1060 2477 congregationes,
1073 2416 1203 2462 Hebr.
1224 2431 1286 2461 10.-
1302 2431 1324 2460 2
1337 2431 1371 2476 5.
1388 2419 1431 2460 &
1443 2413 1633 2461 subordi-

32 2491 118 2544 nata
130 2478 165 2525 se
174 2481 343 2528 invicem
355 2496 441 2528 non
452 2482 611 2528 tollant.

974 2616 999 2661 Ι
1031 2627 1054 2674 3
1518 2596 1636 2656 CA-
