2116 2901
354 142 443 191 Da
476 145 848 192 Car-:arrone
896 154 966 190 m
998 148 1251 191 enniana.
1543 158 1629 206 275

18 226 97 289 ³34.
130 228 215 291 Ego
239 224 411 291 Jehova
423 237 557 275 creavi
573 231 645 275 illa
657 262 670 283 ‚
694 245 730 275 c.
743 243 814 289 45:
833 229 874 276 8.
907 232 994 280 Dii,
1022 235 1095 291 qui
1104 231 1246 274 coelum
1258 233 1306 281 ᾤ’
1319 240 1471 273 terram
1482 244 1560 270 non
1563 230 1632 288 fe-

23 309 164 342 cerunt
178 327 191 347 ‚
209 293 397 356 peribunt
419 296 467 341 de
492 309 615 340 terra.
647 297 717 340 At
730 293 901 356 Jehova
914 299 1027 340 Deus
1038 301 1204 346 veritas,
1216 294 1288 356 qui
1290 295 1389 355 fecit
1401 308 1555 337 terram
1565 300 1633 338 vi·

25 358 137 405 ribus
136 358 238 416 sitis,
251 365 298 411 ὠ
309 358 653 423 intelltgentiafitd
664 360 844 404 extendit
857 361 998 405 coelum
1011 362 1089 404 δίε.
1116 359 1202 422 Jer.
1221 375 1288 404 10:
1309 376 1365 412 11,
1385 375 1400 404 1
1410 375 1449 410 2,
1468 373 1527 417 13.
1565 360 1634 404 Ut

29 421 124 470 hinc
145 422 289 469 cadant
310 423 480 487 profana
502 437 688 470 veterum
714 422 1000 471 haereticorum
1028 424 1184 468 somnia
1195 428 1239 469 &
1252 423 1396 469 fabulae
1409 421 1459 468 de
1470 421 1634 468 duobus

25 489 231 552 principiis
254 522 267 542 ‚
319 487 455 549 deque
487 491 657 551 Angelis
689 487 837 534 mundi
871 487 1175 540 conditoribus;
1212 490 1235 534 a
1258 505 1347 549 quo
1392 503 1634 535 commento

28 555 149 600 etiarn
186 551 310 600 hodie
333 554 474 616 Judas'
496 559 539 600 &
550 559 856 600 Antitrim‘tarii
879 570 966 598 non
989 552 1224 599 abhorrent.
1258 555 1385 600 Sicuti
1397 555 1500 598 olim
1512 554 1633 597 etiam

27 620 175 665 Ariani
196 623 241 664 &
265 620 437 665 Duliani
463 654 475 672 ‚
523 618 734 665 mundum
758 621 780 664 a
803 617 976 664 Christo
1009 619 1166 664 saelum
1189 616 1264 664 effe
1285 632 1485 680 tanquam
1508 621 1635 663 Patris

27 681 304 730 instrumento
329 718 341 739 ‚
376 683 717 747 blasphemabant.
749 689 912 730 Contra
935 682 994 730 est
1018 703 1029 729 ε
1066 688 1124 729 Et
1146 684 1250 731 dixit
1262 689 1378 730 Deus
1390 718 1402 734 ,
1427 687 1636 744 faciamus

27 749 226 795 hominem
249 756 289 794 in
311 757 484 813 imagine
507 751 637 810 nostra
657 783 673 804 ‚
688 747 911 807 secundam
919 750 1230 808 similitudinem
1253 750 1440 810 nostram.
1464 750 1576 794 Gen.
1598 766 1632 794 1.

30 823 103 861 26.
130 814 334 860 Celebrent
345 833 484 861 nomen
499 820 681 861 Domini.
700 833 801 860 nam
813 817 1068 878 ipftpraecepit
1084 820 1132 866 &
1143 830 1278 860 creata
1283 818 1402 871 susat.
1420 815 1518 860 Psal.
1538 816 1635 874 148:
1705 826 1707 829 ⁴

35 894 72 940 5.
110 883 199 944 Qi
227 882 407 926 extendit
427 881 701 939 coelumfhlus,
726 887 775 934 ῤ’
788 884 917 926 calcat
930 881 1027 937 celsa
1036 886 1178 924 maris.
1195 880 1390 943 Job.9:8.
1422 883 1572 925 Omnes
1584 882 1638 925 dgsj

24 953 209 1010 gentium
221 946 324 1003 fiant
345 964 405 990 res
416 946 543 991 nihili.
568 947 650 992 Sed
670 951 870 993 Dominus
881 946 1140 1005 coelptmfectflt.
1179 946 1279 990 Plal.
1292 953 1367 1002 96:
1389 960 1425 1004 5.
1462 948 1500 991 Ε
1492 965 1543 1009 go
1555 948 1640 1009 feci

32 1025 199 1062 terram,
221 1018 270 1063 &
283 1011 605 1074 hominemfitper
616 1014 682 1056 illa
694 1019 831 1057 creavi
841 1028 907 1076 ego
919 1044 932 1064 ,
944 1027 1092 1055 manus
1100 1027 1193 1054 meae
1204 1017 1470 1056 extenderunt
1481 1014 1638 1066 coelnm,

27 1067 82 1130 ’ῤ’
107 1094 262 1121 omnem
282 1085 507 1123 exercitum
529 1079 686 1121 illorum
707 1084 913 1139 imperavi.
930 1074 1053 1121 ‘Esar
1063 1091 1136 1135 45:
1156 1092 1220 1120 12.
1254 1081 1319 1120 Sic
1340 1083 1400 1120 ait
1412 1075 1610 1137 Jehovah
1621 1099 1639 1121 .-

32 1156 187 1189 creator
213 1144 400 1188 coelorum
413 1149 444 1188 c's
456 1142 508 1201 est
521 1147 632 1187 Deus
648 1158 660 1193 ;
688 1150 759 1204 qui
775 1142 979 1203 firmavit
992 1156 1143 1186 terram
1156 1147 1204 1193 ὠ
1204 1142 1307 1200 fecit
1318 1143 1433 1186 illam
1445 1145 1526 1186 ὅτε.
1552 1146 1640 1207 Ego

32 1205 206 1270 Jehova
220 1213 266 1259 ὠ
279 1226 356 1252 non
369 1208 420 1267 est
430 1211 619 1271 amplius.
643 1223 682 1253 v.
700 1208 762 1254 18.
788 1212 952 1251 Manus
965 1224 1055 1251 mea
1057 1205 1263 1265 fundavtt
1278 1220 1432 1251 terram
1444 1240 1457 1260 ‚
1480 1212 1529 1259 ὠ
1540 1207 1640 1252 dex·

34 1287 102 1318 tra
114 1290 203 1317 mea
214 1272 272 1317 ad
272 1275 430 1335 palmos
441 1274 619 1318 extendit
631 1275 787 1318 coelum.
812 1271 1042 1317 clamabam
1054 1288 1118 1333 ego
1130 1271 1187 1315 ad
1195 1273 1281 1315 illos
1286 1305 1296 1324 ,
1298 1270 1468 1330 stabant
1473 1279 1641 1334 pariter.

31 1353 70 1392 c.
82 1337 154 1398 48:
175 1354 234 1398 13.
272 1338 438 1400 Qibus
461 1335 655 1383 accedunt
678 1337 995 1396 Remonstrantes
1008 1334 1193 1397 quidam,
1210 1337 1284 1396 qui
1298 1338 1492 1382 virtutem
1505 1353 1641 1382 crean-

35 1400 79 1448 di
90 1404 278 1449 creaturis
290 1405 425 1449 saltem
439 1404 735 1449 communicari
749 1399 857 1464 posse
868 1400 1034 1447 docent:
1046 1400 1147 1446 licut
1158 1417 1247 1446 eam
1261 1399 1315 1446 fic
1327 1401 1413 1447 satis
1424 1401 1514 1465 ipsis
1527 1419 1643 1448 com·
1663 1405 1834 1446 Creatuka

37 1470 285 1514 municatam
300 1466 374 1514 esse
385 1503 397 1523 ‚
415 1471 456 1514 in
474 1465 608 1513 Missae
621 1465 828 1522 sacrificio,
842 1468 1037 1528 Pontzficii
1048 1464 1232 1512 credunt.
1661 1476 1725 1502 mn
1747 1474 1851 1502 creat.

100 1537 198 1580 XV.
236 1541 493 1597 Qanquam
507 1547 642 1579 autem
656 1548 742 1578 non
753 1531 866 1578 facile
876 1530 1134 1577 determinari
1146 1545 1268 1592 queat
1292 1566 1305 1586 ‚
1339 1530 1443 1593 quid
1455 1534 1476 1578 ὲ
1488 1547 1643 1579 creatu-

38 1617 82 1647 ra
91 1598 179 1645 fieri
192 1601 255 1645 vel
268 1616 354 1644 non
367 1598 454 1644 fieri
466 1596 588 1662 possit
601 1631 614 1653 ,
637 1614 733 1644 cum
747 1611 936 1643 creaturae
951 1599 1064 1642 vires'
1077 1600 1193 1643 Deus
1217 1599 1343 1659 magis
1355 1614 1397 1642 ac
1412 1601 1538 1661 magis
1549 1614 1641 1661 per..

40 1679 166 1729 petuo
179 1681 320 1728 augere
333 1678 456 1726 queat
467 1698 478 1717 ‚
494 1680 628 1724 neque
637 1679 714 1708 nos
725 1662 810 1722 ejus
822 1661 922 1707 fines
934 1679 977 1707 ac
988 1663 1135 1707 limites
1146 1678 1285 1724 capere
1296 1660 1398 1725 posfi
1404 1680 1508 1718 mus,
1521 1663 1641 1725 quod

41 1733 84 1778 in
107 1732 396 1777 miraculorum
422 1731 648 1792 patratione
666 1729 887 1791 praelertim
899 1726 1198 1773 observandum
1211 1726 1291 1773 est:
1318 1726 1399 1773 hoc
1408 1743 1544 1774 tamen
1558 1746 1641 1775 cer-

42 1810 134 1844 tum
156 1795 214 1841 est
226 1830 239 1850 ,
261 1810 449 1842 creaturae
475 1797 699 1857 potentiam
713 1828 726 1847 ,
740 1809 994 1854 quocunque
1007 1790 1178 1855 assurgat
1191 1826 1203 1846 ‚
1227 1792 1381 1856 semper
1391 1793 1479 1839 fore
1489 1796 1642 1840 limita-

43 1875 127 1907 tam
140 1867 182 1907 &
193 1861 369 1908 finitam.
406 1865 549 1921 Atque
561 1858 648 1905 haec
660 1876 750 1904 vera
763 1859 875 1903 causa
886 1856 943 1903 est
956 1892 968 1912 ‚
980 1874 1053 1902 cur
1065 1872 1242 1903 creatura
1254 1874 1340 1903 non
1354 1856 1476 1920 posfit
1488 1876 1637 1911 creare;

4 1929 5 1933 ’
46 1927 141 1989 quia
163 1928 304 1973 scilicet
317 1925 366 1972 ad
379 1924 615 1979 creandum,
638 1923 681 1971 h.
693 1941 728 1969 e.
744 1922 794 1969 ad
806 1924 892 1968 solo
906 1937 1012 1969 nutu
1023 1940 1066 1968 ac
1078 1923 1207 1969 verbo
1232 1923 1468 1969 vocandum
1492 1941 1535 1969 ea
1547 1940 1643 1984 quae

44 2008 128 2037 non
142 1993 441 2053 sunutanquam
454 1990 533 2037 sim
546 2025 559 2045 ‚
581 1993 712 2037 virtus
720 1990 944 2050 requiritur
956 1987 1116 2035 infinita
1128 1992 1171 2034 &
1185 1991 1447 2052 omnipotens
1459 2024 1472 2044 ,
1489 2006 1582 2050 quae
1595 1992 1639 2034 in

45 2072 265 2105 creaturam
279 2074 365 2103 non
379 2056 497 2103 cadit.

106 2127 225 2171 XV'I.
272 2122 348 2170 Sed
371 2128 412 2168 δι
436 2136 633 2185 repugnat
652 2121 949 2183 hicconceptus
961 2118 1208 2182 sibimetipsi.
1243 2121 1282 2166 Si
1295 2122 1403 2165 enim
1417 2122 1640 2167 creaturaea

47 2190 142 2237 Deo
163 2189 329 2236 facultas
354 2186 514 2234 creandi
537 2184 717 2233 concessa
743 2186 863 2240 foret,
891 2184 1227 2246 quandocunque
1238 2187 1303 2231 illa
1316 2203 1444 2231 creare
1457 2189 1642 2247 ponitur,

49 2270 139 2302 tum
162 2257 224 2300 vel
248 2258 362 2301 Deus
386 2253 571 2300 {imiliter
593 2255 704 2299 volet
715 2287 727 2307 ‚
758 2266 805 2300 ut
828 2265 994 2315 propter
1015 2252 1269 2297 voluntatem
1283 2265 1472 2296 creaturae
1486 2250 1567 2296 hoc
1580 2253 1645 2296 vel

49 2321 146 2370 illud
155 2323 317 2381 incipiat
329 2317 541 2380 effe,atque
552 2320 608 2364 illi
621 2320 784 2364 vocanti
796 2318 920 2363 veluti
933 2330 1127 2378 appareat,
1141 2322 1181 2362 ἃ*
1195 2316 1345 2378 praesto
1355 2315 1403 2363 fit
1415 2333 1425 2367 3
1453 2318 1516 2362 vel
1527 2319 1644 2376 quie-

51 2389 182 2441 scet‚ac
194 2385 293 2432 nihil
305 2390 452 2448 agen&
465 2401 552 2429 non
565 2386 688 2430 volet.
704 2385 743 2430 Si
756 2383 875 2446 prius,
880 2398 964 2442 ‚am
977 2397 1062 2425 non
1075 2380 1334 2435 creatura‚sed
1346 2385 1460 2427 Deus
1471 2380 1548 2443 ipse
1560 2397 1644 2426 cre-

52 2451 131 2500 abit
141 2489 153 2504 ‚
169 2469 263 2498 cum
276 2468 360 2496 non
374 2451 424 2498 ad
436 2448 706 2503 creaturas&
720 2448 770 2495 ad
783 2450 864 2494 Dei
880 2445 1005 2510 ipsius
1017 2447 1271 2493 voluntatem
1284 2452 1327 2492 &
1340 2460 1492 2491 nutum
1507 2463 1566 2492 res
1579 2448 1646 2492 illa

52 2532 291 2581 proventura
304 2516 368 2562 sit:
383 2519 470 2562 imo
483 2516 560 2579 ipse
572 2517 708 2578 potius
720 2515 741 2559 ὲ
755 2513 931 2560 creatura
945 2525 1066 2573 atque
1077 2526 1181 2558 nutu
1194 2512 1277 2571 ejus
1288 2510 1646 2574 dependebit,cum

54 2583 104 2631 ad
113 2585 362 2632 voluntatem
377 2595 499 2644 atque
512 2578 666 2643 jussum
679 2579 778 2643 ejus,
793 2577 1128 2642 quandocunque
1139 2579 1174 2624 se
1187 2580 1312 2625 exerit
1323 2581 1456 2631 ,Deus
1469 2576 1650 2623 fimiliter

938 2645 993 2692 M
1009 2660 1053 2689 m
1093 2660 1116 2689 2.
1588 2658 1648 2687 res
