2116 2901
394 127 484 173 DE
530 129 1324 179 ntvruAREPRoBATmNn.
1572 151 1676 196 v255

47 209 131 271 *figi
145 206 290 273 potest:
305 225 411 257 unus
421 209 472 257 de
485 209 582 267 fine,
607 213 705 259 alter
716 210 767 259 de
779 211 923 260 mediis
935 212 985 261 ad
999 212 1127 260 finem
1140 213 1265 262 istum
1279 216 1533 265 ducentibus.
1560 223 1678 267 Prior
1698 230 1794 279 hujus
1805 230 1865 266 do-

59 273 349 327 est,dest1natio
362 275 544 324 hominis
555 277 606 325 ad
617 280 854 325 exercitium
866 279 1031 338 justitiae
1044 279 1193 328 divinae
1210 299 1222 335 ;
1249 284 1303 329 ita
1316 299 1364 332 ut
1378 283 1471 332 finis
1481 285 1565 332 Dei
1577 303 1673 350 pro-
1695 288 1776 322 creti
1799 284 1846 321 du
1855 307 1865 313 ·

57 340 144 404 prie
158 357 241 386 non
258 341 305 388 fit
317 341 491 404 perditio
505 343 780 399 creaturae,sed
793 345 1065 396 manifestatio
1075 346 1239 407 justitiae
1253 352 1351 405 Dei,
1367 367 1461 412 quae
1474 352 1516 396 in
1531 354 1676 399 merita
1689 339 1778 388 plex.

41 436 44 440 -
57 421 244 453 creaturae
257 407 485 470 perditione
496 412 624 457 elucet
639 430 648 456 :
663 413 760 457 alter
771 409 1063 465 est,destinatio
1075 414 1161 473 ejus
1172 413 1223 460 ad
1235 412 1542 462 damnationem
1553 433 1566 470 3
1583 435 1674 479 quo

3 500 10 503 -
57 474 258 537 pertinent
269 479 309 519 &
323 476 478 535 reliqua
492 475 626 521 media
638 476 803 536 justitiae
816 479 899 523 Dei
913 479 954 523 in
967 480 1149 541 reprobis
1161 480 1574 543 manifestandae,quae
1588 486 1673 546 ple-

58 555 183 599 raque
194 540 285 585 sunt
298 543 496 603 negativa,
512 555 558 587 ut
571 541 896 590 non-redemtio.
909 545 990 590 Sed
1001 562 1072 591 vos
1082 564 1159 592 non
1175 547 1330 592 creditis
1341 569 1355 593 .·
1372 566 1448 592 non
1461 556 1567 593 enim
1588 550 1672 609 estis

57 622 110 652 ex
119 605 256 652 ovibus
268 614 375 652 meis.
404 605 508 670 Joh.
523 625 585 653 10:
604 625 623 653 2
632 617 672 655 6.
697 611 985 662 non-vocatio,
1000 613 1064 656 vel
1076 612 1213 658 saltem
1227 610 1480 660 non-efficax
1491 617 1669 662 vocatio,

59 676 198 719 Multi
210 672 312 730 sitnt
335 681 491 728 vocati,
516 681 637 736 pauci
662 692 755 721 vero
769 677 893 721 elebii.
917 673 1075 722 Matth.
1096 694 1165 723 20:
1186 694 1204 723 1
1213 685 1253 723 6.
1269 695 1337 724 22:
1356 694 1421 739 14.
1448 678 1673 726 non-datio

60 736 172 784 fidei.
205 743 418 802 Propterea
430 758 506 784 non
513 755 702 803 poterant
714 743 882 796 credere,
907 749 1003 804 qnia
1015 743 1154 801 rursits
1164 745 1268 790 dixit
1279 742 1421 801 Efiu‘as
1431 777 1444 798 ‚
1478 749 1674 792 Excoeca-

59 812 122 851 vit
133 804 300 867 ipserum
314 808 506 860 oculos&
521 806 769 870 obstupefhcit
779 825 916 854 eorum
930 824 1061 859 comm
1072 828 1149 854 non
1161 811 1327 855 videant
1338 812 1524 864 eadm&
1538 819 1677 857 anim-

58 871 276 918 advertant
288 871 412 921 cora'e,
434 879 482 926 εξ*
495 888 798 926 convertantur,
824 873 1021 931 &sanem
1033 892 1105 921 eos.
1133 873 1237 938 Joh.
1254 891 1315 920 12:
1334 891 1350 935 3
1355 892 1398 935 9,
1413 891 1488 935 40.
1523 879 1672 938 peccati

59 933 267 1001 permissio
292 941 335 982 &
362 934 571 983 derelictio
585 940 625 983 in
641 955 706 985 e0.
739 944 888 1002 Igitur,
904 947 967 985 cus'
980 943 1075 985 vult
1077 940 1276 1004 gratiosas
1289 941 1338 1000 est
1360 957 1372 993 3
1397 959 1517 1004 quem
1530 957 1673 988 autem

59 1005 168 1056 vult,
194 1002 376 1048 indurat.
405 1007 540 1051 Rom.
554 1022 597 1063 9:
618 1006 684 1051 18.
720 1009 778 1050 Et
786 1020 992 1068 propterea
1004 1013 1140 1051 mittet
1152 1011 1264 1053 Dens
1276 1009 1359 1069 ipfis
1377 1007 1592 1069 efficaciam
1607 1026 1671 1053 er-

60 1076 158 1116 roris
169 1102 181 1123 ‚
205 1083 254 1113 ut
266 1074 432 1115 credant
444 1072 647 1116 mendacio
661 1092 674 1115 .·
700 1072 989 1132 utjndtcentur
1001 1088 1150 1125 omnes,
1162 1079 1232 1134 qni
1244 1091 1318 1117 non
1332 1075 1582 1119 crediderunt
1598 1091 1669 1118 ve-

57 1142 173 1182 ritati
185 1168 197 1188 ‚
213 1135 286 1190 sed
308 1134 594 1199 beneplacitum
617 1136 847 1182 habuerunt
871 1145 912 1181 in
925 1145 966 1181 in
961 1137 1134 1200 justitia.
1173 1154 1212 1183 2.
1226 1134 1366 1184 Thess.
1383 1155 1420 1184 z:
1441 1156 1457 1185 1
1471 1156 1505 1191 1,
1526 1155 1589 1185 12.
1625 1144 1670 1184 δε

60 1214 318 1264 peccatorum
342 1199 651 1249 non-remissio,
685 1207 827 1248 Amen
851 1204 935 1248 dico
959 1201 1070 1247 vobis
1083 1236 1094 1256 ,
1119 1220 1359 1266 quacunque
1382 1206 1602 1269 ligaveritis
1625 1212 1667 1249 in

61 1281 184 1318 terra,
200 1282 318 1313 erunt
332 1270 507 1330 ligatam
520 1270 610 1313 coelo
662 1266 820 1314 Matth.
842 1270 908 1314 18:
925 1268 986 1314 18.
1024 1272 1218 1332 *Quorum
1225 1285 1390 1332 peccata
1413 1277 1668 1324 retinueritis,

49 1347 216 1378 retenta
228 1332 343 1390 fient.
370 1333 473 1397 Joh.
491 1351 563 1380 zo:
583 1351 603 1378 2
612 1351 644 1395 3.
684 1351 778 1395 quae
805 1346 943 1380 tamen
966 1336 1108 1379 omnia
1133 1349 1204 1396 per
1216 1336 1357 1380 actum
1370 1337 1593 1382 voluntatis
1604 1335 1668 1382 di-

51 1399 164 1444 -vinae
175 1397 399 1460 pofitivum
414 1398 570 1445 decreta
581 1400 606 1444 s
599 1413 686 1445 unt.

126 1468 169 1511 V
181 1467 215 1510 Ι.
249 1469 395 1526 Atque
418 1463 514 1510 hinc
525 1464 607 1523 jam
621 1479 729 1529 patet
743 1464 939 1520 similiter,
961 1463 1178 1526 quodnam
1192 1465 1242 1512 fit
1253 1466 1549 1529 reprobationis
1562 1466 1667 1530 obje-
1692 1464 1738 1507 O
1752 1478 1776 1506 B
1790 1478 1813 1522 J
1825 1478 1873 1508 E«

62 1531 186 1575 lium.
221 1532 260 1576 Si
283 1533 394 1576 enim
418 1534 603 1594 primum
625 1530 710 1590 ejus
722 1533 863 1577 actum
874 1532 1070 1593 intelligas
1080 1566 1093 1583 ,
1113 1531 1509 1594 praedestinationem
1523 1549 1671 1595 nempe
1693 1544 1720 1575 c
1734 1544 1764 1574 T
1778 1545 1808 1574 υ
1825 1545 1876 1573 ut.
1917 1533 1921 1536 “

61 1593 242 1642 hominis
263 1595 313 1642 ad
338 1596 706 1644 manifestationem
729 1596 894 1657 justitiae
917 1595 1082 1651 divinae,
1108 1603 1150 1643 &
1163 1596 1372 1645 decretum
1386 1597 1466 1644 hoc
1478 1595 1671 1644 latiffimo

61 1661 171 1707 sensu
184 1664 364 1725 accipias,
379 1678 455 1725 pro
467 1676 561 1709 toto
575 1662 737 1709 decreto
751 1665 834 1710 Dei
848 1664 950 1709 circa
962 1660 1180 1708 hominem
1193 1666 1235 1710 in
1250 1663 1397 1710 ordine
1409 1663 1458 1710 ad
1471 1665 1672 1711 ultimum

61 1725 184 1774 istum
200 1726 342 1783 finem,
366 1728 450 1786 ejus
461 1728 675 1786 objectum
689 1742 808 1774 erunt
820 1727 1008 1775 homines
1019 1729 1203 1774 creabiles
1214 1764 1226 1785 ‚
1262 1728 1343 1776 hoc
1356 1728 1415 1774 est
1428 1764 1440 1784 ‚
1464 1728 1669 1792 possibiles

61 1806 222 1840 tantum
239 1813 248 1838 :
273 1792 333 1839 sin
349 1811 446 1840 vero
471 1796 665 1858 intelligas
677 1795 913 1855 actumejus
925 1792 1148 1840 secundum
1160 1829 1173 1849 ‚
1207 1796 1275 1840 seu
1288 1794 1603 1842 destinationem
1615 1795 1667 1843 ad

58 1862 241 1905 ‘mortem
253 1873 458 1913 aeternam,
479 1865 522 1905 &
533 1859 742 1907 decretum
755 1858 837 1907 hoc
848 1877 945 1907 cum
960 1859 1206 1921 quibusdam
1219 1861 1397 1909 strictius
1409 1861 1538 1907 sumas
1548 1897 1561 1917 ,
1588 1878 1666 1924 pro

62 1924 232 1972 consilio
254 1939 503 1988 peccatorem
528 1929 571 1972 in
594 1928 812 1973 communi
834 1927 945 1990 lapsu
968 1932 1010 1972 δε
1034 1928 1256 1988 promerita
1267 1927 1532 1975 damnatione
1542 1929 1666 1973 relin-

63 1990 230 2052 quendi,
255 1992 336 2051 jam
349 1991 418 2050 obj
425 1994 564 2038 ectum
576 1991 659 2052 ejus
671 1991 728 2038 est
740 1989 875 2037 homo
889 2006 1041 2038 creatus
1052 1996 1094 2037 δε
1106 1993 1246 2054 lapsus.
1280 1997 1376 2040 Nos
1387 2009 1523 2041 autem
1532 1995 1662 2057 priori

64 2061 107 2103 ἃ
129 2054 318 2103 latiffimo
346 2058 455 2103 sensu
470 2058 572 2105 illud
584 2059 722 2123 potius
735 2059 951 2121 accipimus
966 2077 976 2104 ε
994 2075 1127 2120 neque
1139 2072 1275 2104 tamen
1287 2061 1460 2106 alterum
1472 2059 1577 2106 illud
1589 2057 1663 2106 de·

63 2137 216 2171 eretum
230 2156 244 2176 ,
266 2121 384 2184 quod
395 2140 472 2186 pro
485 2125 652 2185 objecio
665 2123 785 2170 habet
797 2122 1013 2171 hominem
1026 2124 1195 2187 lapsum,
1208 2141 1402 2189 negamus
1414 2161 1427 2181 ‚
1441 2125 1507 2173 sed
1519 2125 1568 2172 de
1582 2141 1672 2171 me-

64 2187 141 2235 diis
160 2204 321 2235 tantum
344 2188 393 2234 ess
397 2207 418 2235 e
441 2192 688 2237 arbitramur
710 2188 760 2236 ad
784 2189 912 2236 finem
925 2193 1044 2237 illum
1059 2193 1257 2237 ultimum
1271 2190 1526 2240 ducentibus.
1561 2194 1670 2237 Non>

66 2269 162 2317 ergo
185 2269 391 2318 peccatum
404 2252 538 2303 solum
551 2256 767 2327 bominem
779 2258 1079 2319 reprobabilem
1091 2257 1296 2312 facit‚cum
1311 2263 1354 2303 δε
1367 2260 1463 2304 citra
1475 2257 1577 2303 illud
1588 2255 1669 2301 ho-

68 2334 141 2364 mo
164 2321 443 2384 reprobabilis,
474 2321 517 2369 h.
531 2340 565 2370 e.
589 2323 639 2370 ad
665 2326 902 2370 exercitium
924 2322 1088 2382 justitiae
1112 2321 1261 2369 divinae
1276 2322 1517 2370 destinabilis
1528 2323 1670 2376 fuerit,

17 2428 22 2431 .
54 2387 288 2448 omnesque
298 2387 347 2433 ab
359 2403 511 2434 aeterno
523 2394 621 2437 Deo
635 2387 932 2453 praedestinanti
946 2388 1098 2449 objecti
1111 2388 1224 2435 fuere
1237 2404 1436 2451 tanquam
1450 2404 1575 2451 pares.

131 2456 232 2501 VII.
266 2456 416 2514 Neque
426 2469 563 2502 tamen
577 2473 721 2502 omnes
734 2455 922 2502 homines
934 2456 1118 2502 creabiles
1140 2454 1402 2517 adaequatum
1414 2456 1671 2516 reprobatio-

71 2516 130 2560 nis
140 2518 347 2576 objeftum
358 2520 450 2568 sunt
463 2555 475 2575 ‚
502 2521 565 2568 sed
580 2521 623 2568 hi
637 2528 678 2569 δε
690 2524 761 2574 illi,
779 2539 856 2586 pro
867 2523 1118 2585 beneplacito
1131 2522 1384 2584 reprobantis
1399 2540 1407 2566 :
1439 2525 1481 2565 ὅ(
1497 2518 1669 2580 quidem

72 2585 208 2643 multi,
242 2598 332 2633 tum
356 2588 399 2633 in
423 2587 497 2635 sese
509 2623 522 2647 ,
546 2602 641 2639 tum
650 2590 832 2652 respectu
854 2590 1096 2640 electorum.
1137 2592 1250 2638 Lata
1262 2588 1314 2652 est
1318 2602 1436 2650 porta
1450 2584 1673 2653 &spatioflz

1595 2664 1681 2698 vlt&
