2116 2901
231 1216 421 1257 SAMEN-

230 1283 319 1312 'uA
337 1273 423 1311 Dei.

440 165 519 196 120
831 143 1738 193 L113.1.CAPU·1·XXII.

435 233 626 280 indicatio
639 231 836 296 praesentis
847 248 858 284 3
875 233 1004 292 qualis
1015 228 1072 275 est
1089 247 1104 274 1
1113 264 1122 274 .
1142 232 1275 274 Sama
1284 243 1300 288 3
1308 245 1318 271 t
1327 244 1344 272 1
1355 244 1391 279 1,
1413 245 1430 273 1
1439 243 1479 273 2.
1491 224 1542 272 de
1553 229 1768 277 molimine
1779 228 2061 289 Kehilaeorunj'
2110 231 2112 234 ’

435 298 645 345 Davidem
669 296 968 344 traditurorum
981 330 993 350 ‚
1019 294 1049 340 si
1074 294 1130 339 ibi
1153 291 1389 346 subfisteret‚
1419 296 1463 337 &
1485 295 1633 348 Saulis,
1648 295 1834 341 Kehilam
1844 303 2052 363 propofito

434 364 508 408 suo
533 363 617 422 jam
628 363 900 421 deffendentis.
916 363 977 406 vel
993 377 1026 422 3.
1041 358 1097 406 est
1110 357 1305 404 indicatio
1318 357 1401 415 ejus
1413 357 1531 420 quod
1543 362 1658 406 Deus
1681 363 1782 407 circa
1792 377 1913 410 certas
1924 371 2054 429 perso-

434 443 502 473 nas
528 442 764 490 operaturus
773 424 920 480 fuisset,
934 425 963 471 fi
977 442 1074 471 cum
1090 424 1326 469 oeconomia
1339 436 1576 485 temporum
1589 424 1633 470 id
1644 426 1890 475 convenisset
1904 449 1913 475 ²
1939 435 2053 493 quod

432 507 570 538 tamen
595 492 727 555 ipsum
752 491 977 554 improprie
992 487 1254 542 sumendum,
1277 488 1472 550 &scopus
1485 490 1628 535 talium
1643 491 1953 543 considerandus
1974 501 2053 548 im-

434 559 575 620 primis
588 556 644 602 est
658 575 668 609 ;
686 559 760 618 qui
772 573 857 602 non
871 555 943 610 est,
959 573 1046 601 rem
1058 553 1162 599 hanc
1174 554 1236 598 vel
1248 554 1372 607 illam,
1389 553 1462 598 sub
1474 551 1548 598 hac
1558 557 1622 600 vel
1634 557 1699 602 illa
1711 558 1972 618 conditione3
1984 564 2053 612 de-

436 622 651 667 terminate
673 621 859 667 futuram
872 620 1000 667 dicere
1013 655 1026 675 ‚
1057 617 1127 664 sed
1139 620 1276 681 potius
1288 616 1431 663 odiosa
1444 623 1747 682 comparatione
1758 622 1979 674 hominum
1991 632 2053 677 in-

434 685 729 747 gratitudinem
755 692 797 732 &
821 687 1077 749 pertinaciam
1096 699 1334 746 *exaggerare
1349 701 1359 727 :
1390 699 1479 744 quo
1492 688 1664 747 pertinet
1677 688 1795 748 quod
1808 689 1994 742 Christus
2003 695 2052 743 de

436 754 563 814 Tyro
577 786 590 806 ‚
614 750 765 798 Sidone
789 757 831 797 &
862 749 1086 798 Sodomitis
1109 750 1144 793 se
1168 747 1418 794 conversuris
1429 748 1546 801 dixit,
1568 752 1723 799 Matth.
1746 772 1762 801 1
1776 773 1812 801 1:
1831 773 1898 812 22,
1912 776 1974 822 23.
2009 767 2051 808 &

436 819 555 863 Deus
579 815 629 862 de
647 820 802 880 populis
825 825 950 881 ignoto
955 815 1135 874 ftrmone
1146 813 1350 859 utentibus
1366 848 1378 868 ‚
1394 813 1622 878 Prophetae,
1624 820 1669 877 fi
1676 821 1731 865 ad
1741 838 1802 866 eos
1813 831 2051 884 mitteretur,

437 881 751 938 auscultaturus,
775 881 925 929 Ezech.
943 899 978 943 3:
994 889 1035 926 6.
1058 884 1102 925 δε
1126 879 1247 925 fimili
1269 880 1478 925 locutione
1502 880 1710 930 Christus:
1748 890 1913 951 Qodst
1920 891 1961 936 hi
1958 895 2052 952 file-

438 962 527 998 am,
545 948 691 1010 lapides
701 948 948 993 clamabunt.
974 950 1076 991 Luc.
1094 962 1160 1003 19:
1173 960 1246 1004 40.
1284 945 1356 989 ubi
1380 961 1466 990 non
1480 946 1820 998 considerandum
1833 987 1846 1007 ‚
1871 972 2052 1015 quomo..

439 1009 498 1055 do
524 1011 671 1073 lapides
693 1014 811 1073 loqui
823 1010 974 1075 posfint
986 1010 1080 1064 dici,
1092 1012 1156 1055 vel
1167 1010 1292 1072 Tyrii
1312 1011 1425 1055 aliive
1436 1010 1472 1056 se
1485 1028 1741 1072 convertere,
1776 1034 1902 1078 quam
1916 1021 2052 1086 scopus
2106 1018 2108 1063 ὲ

440 1077 525 1124 Dei
536 1076 774 1137 Christique
786 1078 991 1138 loquentis
1003 1078 1122 1121 unice
1135 1073 1461 1130 considerandus,
1479 1078 1598 1139 eique
1608 1079 1903 1131 inhaerendum.
1922 1091 2053 1136 Paral-

441 1142 540 1187 lelus
552 1140 655 1188 hisce
667 1141 723 1187 est
736 1144 938 1207 locusJer.
954 1159 992 1187 2:
1010 1158 1071 1186 10.
1462 1178 1483 1196 ἃ

509 1209 642 1253 ΧΧΧ.
677 1210 890 1255 Scientiam
914 1209 997 1254 Dei
1009 1206 1188 1267 sequitur
1200 1203 1282 1263 ejus
1307 1210 1510 1269 Sapientia
1527 1228 1536 1253 ε
1553 1227 1646 1271 quae
1660 1213 1866 1277 augustius
1877 1217 1980 1280 quid
1991 1220 2054 1266 so-

443 1285 528 1327 nat,
551 1273 718 1334 quaque
730 1275 849 1320 novit
861 1277 976 1319 Deus
989 1273 1140 1332 quibus
1154 1272 1377 1317 rationibus
1388 1274 1429 1316 in
1442 1276 1704 1336 explicatione
1716 1296 1890 1343 operum
1903 1301 1946 1330 ac
1956 1301 2054 1331 con-

445 1336 632 1383 filiorum
645 1340 815 1384 suorum
827 1340 1000 1400 gloriam
1014 1338 1125 1382 suam
1138 1336 1317 1382 maxime
1331 1336 1598 1386 illustraturus
1610 1341 1659 1388 fit
1671 1378 1683 1398 ‚
1709 1362 1887 1407 quaeque
1908 1366 2055 1398 conve-

447 1404 602 1449 nienter
615 1404 664 1449 ab
676 1404 759 1466 ipso
773 1403 824 1450 ad
835 1420 924 1448 eam
936 1401 1215 1448 illustrandam
1229 1402 1330 1456 fieri,
1345 1407 1480 1449 vocari
1492 1419 1561 1451 aut
1571 1411 1751 1469 permitti
1762 1411 1915 1474 poffint
1926 1449 1937 1467 ‚
1954 1417 2055 1477 quss-

448 1484 532 1529 que
556 1467 656 1514 adeo
680 1486 725 1514 ea
748 1486 841 1530 quae
865 1467 1077 1513 constituit
1089 1482 1246 1513 certum
1269 1466 1419 1514 habent
1430 1485 1637 1519 eventurn.
1670 1475 1782 1537 Jam
1795 1493 1885 1524 tum
1897 1481 2057 1528 videbat

449 1551 540 1578 eam
563 1540 611 1586 (sy
635 1534 853 1592 recensebat
874 1551 965 1579 eam
978 1554 990 1577 .·
1017 1532 1273 1597 comparabat
1295 1552 1385 1579 eam
1399 1569 1412 1588 ,
1436 1542 1637 1600 etiamque
1654 1544 1943 1607 pervesttgabat
1955 1565 2057 1595 eam,

450 1599 545 1644 Iob.
567 1616 587 1644 2
596 1601 636 1647 8:
654 1616 722 1662 27.
746 1603 803 1645 Et
828 1600 1015 1661 quamvis
1039 1603 1155 1644 Deus
1177 1599 1292 1643 nullo
1318 1598 1451 1645 modo
1474 1602 1496 1646 ὲ
1520 1601 1603 1648 fine
1614 1610 1656 1650 δε
1667 1607 1809 1654 mediis
1821 1608 2052 1673 dependeat,

452 1662 640 1725 adeoque
662 1666 818 1710 nullam
841 1664 988 1711 decreti
1001 1665 1058 1709 sui
1072 1661 1212 1709 habeat
1225 1664 1381 1710 causam
1395 1699 1408 1719 ,
1431 1665 1464 1724 ej
1471 1683 1516 1712 us
1525 1682 1661 1715 tamen
1673 1673 1730 1717 illi
1741 1674 1895 1737 semper
1907 1677 2058 1725 constat

452 1730 574 1783 ratio,
587 1732 677 1775 licet
688 1732 754 1775 illa
766 1731 883 1776 nobis
894 1726 1161 1774 occultiffima
1174 1727 1236 1774 fit.
1272 1733 1310 1775 Ο
1318 1733 1538 1792 profundas
1549 1735 1712 1782 divitias
1724 1772 1736 1793 ‚
1761 1754 1850 1785 tum
1858 1740 2060 1805 fizpientiae‚

454 1808 546 1838 tum
556 1802 778 1858 cognitionis
789 1801 872 1842 Dei
882 1800 897 1840 l
923 1798 1030 1858 Qis
1041 1802 1146 1840 enim
1157 1802 1336 1857 cognovit
1346 1812 1520 1842 mentem
1532 1804 1698 1847 Domini
1711 1810 1731 1848 ?
1755 1820 1828 1850 aut
1838 1815 1927 1868 quis
1937 1809 2058 1868 eifuit

455 1856 668 1919 &confilioZ
705 1863 841 1907 Rom.
859 1878 923 1906 11:
938 1876 996 1921 33,
1019 1876 1084 1921 34.
1120 1857 1252 1906 Unde
1274 1863 1390 1906 Deus
1414 1878 1501 1907 non
1512 1864 1645 1912 solum
1658 1867 1820 1932 sapiens,
1832 1870 1897 1918 sed
1909 1876 1950 1918 &
1951 1873 2059 1932 fidus

445 1923 603 1986 fizptens
616 1927 847 1989 appellatur.
881 1930 1015 1976 Rom.
1039 1934 1191 1987 16:27.
1220 1927 1388 1973 1.Tim.
1407 1945 1528 1992 1.17.

788 2096 833 2147 c
908 2098 967 2149 A
1044 2100 1083 2150 p
1159 2100 1209 2150 U
1285 2100 1331 2149 T
1465 2103 1753 2160 ΧΧΗ.

565 2230 674 2300 De
747 2225 1633 2311 VOLUNTA‘IE
1709 2241 1964 2317 DEI.

735 2452 738 2456 4
775 2399 1031 2446 Ntellectum
1054 2403 1138 2448 Dei
1150 2403 1330 2465 sequitur
1341 2401 1555 2451 necessario
1569 2439 1581 2460 ‚
1596 2404 1627 2451 fi
1639 2423 1725 2454 non
1741 2410 1936 2471 praecedat
1946 2445 1960 2468 ,
1982 2409 2063 2473 eius

704 2498 711 2504 ,
729 2468 751 2510 p
778 2465 978 2520 voluntas,
991 2464 1042 2511 de
1053 2468 1137 2527 qua
1149 2471 1348 2531 Scriptura
1361 2491 1370 2516 :
1383 2475 1495 2519 Deus
1506 2471 1630 2531 noster
1642 2481 1683 2517 in
1695 2477 1795 2520 coelis
1807 2477 1872 2536 est,
1879 2479 2068 2541 quicquid

717 2549 755 2583 ἢ,
770 2531 902 2591 placet
905 2532 1024 2590 facit.
1059 2534 1158 2580 Psal.
1177 2551 1195 2580 1
1207 2552 1222 2580 1
1235 2549 1271 2594 5:
1290 2553 1355 2582 10.
1392 2539 1605 2597 confilium
1615 2541 2063 2600 meumstabtt‚&0mnc

726 2598 752 2651 ll}
775 2593 1059 2659 beneplacitum
1080 2616 1215 2648 meum
1229 2603 1399 2663 factam.
1424 2604 1614 2662 Esai.46:
1632 2620 1697 2652 10.
1730 2610 1808 2655 Per
1819 2609 2066 2655 voluntatem

1953 2687 2066 2720 mam
