2116 2901
324 129 409 173 DE
444 129 847 175 ATTRIBUTIS
881 130 1003 176 Dm
1046 145 1115 175 IN
1149 130 1418 177 GENERE.
1624 145 1700 175 111

147 215 186 258 X
200 216 289 259 IV.
323 217 427 258 Non
452 230 550 275 ergo
574 230 687 258 error
709 212 766 259 est
790 216 831 259 in
845 215 1075 267 intellectu,
1103 213 1207 261 dum
1219 213 1322 261 illud
1334 213 1452 276 quod
1464 214 1635 278 fimplex
1647 213 1704 261 est

82 294 276 339 tanquam
292 280 420 325 multa
432 278 620 324 distincta
634 279 827 325 attributa
840 282 1033 343 concipit,
1057 279 1122 326 {ed
1135 280 1389 343 imperfectio
1403 296 1582 336 tantum,
1607 299 1702 342 quae

17 368 20 389 ;
83 343 245 390 diverlis
272 343 535 405 inadaequatis
560 346 822 406 conceptibus
846 345 948 391 illud
971 344 1233 409 apprehendit
1245 381 1258 401 ‚
1276 345 1396 406 quod
1409 363 1481 392 nec
1496 364 1582 392 uno
1596 347 1702 394 adae·

81 425 208 471 quato
221 424 418 472 conceptu
433 409 732 461 exhauriremec
746 427 833 455 uno
846 412 1015 457 obtuitu
1028 411 1190 472 adsequi
1204 411 1350 475 potest.

144 479 182 521 X
195 481 251 522 V.
286 477 553 536 Caeteroquin
567 492 663 521 cum
676 477 867 522 attributa
881 479 963 523 Dei
977 476 1056 523 fint
1069 475 1381 541 fimpliciffimus
1393 480 1505 526 aCttis
1516 513 1529 534 ,
1553 477 1648 526 hinc
1660 497 1704 527 ea

79 542 233 586 nullam
248 543 533 604 imparitatem,
552 542 687 586 multo
703 544 839 588 minus
851 545 1176 590 contrarietatem
1191 541 1417 590 admittunt
1433 564 1442 590 :
1458 562 1698 607 quanquam

79 605 110 652 fi
134 606 291 666 objecta
305 607 452 670 spectes
463 642 475 661 ‚
501 609 573 652 alia
586 606 643 652 est
657 610 761 654 ratio
773 607 936 666 justitiae
951 643 963 663 ,
984 611 1056 655 alia
1072 608 1356 656 misericordiae
1370 612 1477 666 Dei,
1514 616 1556 656 &
1568 613 1703 658 rursus

78 669 198 731 hujus
221 671 351 736 dispar
375 675 478 719 ratio
506 688 596 720 ante
607 674 670 718 vel
682 673 776 737 post
789 674 1013 721 adventum
1037 673 1207 723 Christi.
1244 682 1356 739 Qae
1370 691 1512 723 contra
1525 680 1706 725 Socinia-

77 753 152 784 nos
164 738 422 784 observanda.

20 803 21 806 ’
140 807 179 849 Χ
193 809 234 851 V
249 809 280 850 I.
318 804 641 851 Distribuuntur
664 806 857 853 attributa
869 808 952 853 Dei
964 807 1099 860 varie3
1125 809 1168 853 in
1179 810 1345 872 propria
1356 812 1400 854 &
1411 807 1701 872 metaphorica,
1723 824 1921 874 mstrfbmio

73 869 245 934 positiva
267 876 309 916 ὃς
321 874 504 934 negativa
519 907 530 923 ,
546 872 726 917 absoluta
738 877 779 917 ἃ
792 874 977 924 relativa3
1003 877 1047 918 δε
1081 875 1243 936 vulgata
1256 876 1458 937 imprimis
1469 874 1701 922 distinetio-
1719 894 1845 920 eorum.

73 951 124 981 ne
136 970 148 990 ‚
173 938 214 981 in
228 938 629 983 incommunicabilia
641 943 682 983 &
698 941 1079 985 communicabilia:
1106 941 1241 1001 qualia
1252 954 1389 986 tamen
1412 940 1528 987 valde
1540 944 1700 1006 impro-

70 1002 158 1065 prie
186 1002 378 1063 quaedam
404 1006 445 1048 in
461 1007 558 1049 Deo
572 1019 810 1066 ponuntur3
844 1022 940 1050 cum
955 1006 1148 1051 attributa
1160 1008 1244 1052 Dei
1258 1005 1337 1052 slnt
1349 1005 1432 1066 ejus
1445 1006 1642 1055 idiomata
1654 1015 1697 1055 <Sc

70 1070 330 1131 proprietates
341 1104 353 1124 ‚
390 1087 482 1130 qua·
497 1072 794 1115 communicari
809 1072 926 1116 nullo
941 1070 1074 1117 modo
1087 1068 1253 1135 possunt
1266 1089 1279 1125 3
1308 1089 1441 1133 neque
1453 1075 1561 1119 enim
1575 1075 1700 1121 scien-

72 1136 126 1179 'tia
152 1137 233 1180 Dei
253 1152 378 1197 exgr.
397 1152 492 1180 cum
507 1136 665 1181 scientia
679 1135 860 1181 humana
874 1139 1000 1199 magis
1013 1139 1205 1185 convenit
1219 1174 1229 1189 ‚
1259 1142 1386 1200 quam
1401 1138 1508 1186 forte
1518 1140 1699 1196 canis‚fi-

68 1216 197 1263 gnum
211 1200 486 1256 coeleste‚cu1n
500 1204 689 1263 cane‚qui
701 1201 758 1247 est
771 1204 918 1248 animal
931 1202 1383 1250 latrans.Nihilominus
1399 1222 1496 1251 cum
1516 1205 1698 1254 formalis

22 1283 25 1286 ’
69 1267 212 1327 aliquis
235 1282 452 1330 conceptus
488 1267 658 1313 formari
681 1266 804 1331 poffit
829 1271 870 1313 in
899 1286 990 1330 quo
1014 1271 1207 1316 attributa
1230 1272 1314 1316 Dei
1337 1274 1698 1320 communicabilis.

24 1373 25 1378 ,
68 1335 320 1379 conveniunt
332 1351 428 1378 cum
442 1335 620 1396 analogis
644 1349 917 1380 creaturarum
932 1335 1244 1398 proprietatibus
1257 1371 1269 1389 ‚
1293 1337 1697 1387 incommunicabilia

67 1413 154 1442 non
177 1401 299 1451 item3
328 1398 422 1444 inde
445 1401 486 1444 in
500 1417 549 1445 eo
574 1398 863 1447 accuratissima
887 1403 992 1447 ratio
1006 1402 1433 1448 communicabilitatis
1445 1419 1517 1450 aut
1528 1406 1695 1451 incom-

66 1466 393 1511 municabilitatis
416 1466 713 1511 attributorum
737 1468 821 1512 Dei
843 1466 1121 1513 constituitur.
1161 1470 1431 1529 Caeteroquin
1447 1468 1474 1514 fi
1490 1469 1540 1515 de
1551 1472 1694 1532 aliquo

63 1534 210 1575 'eorum
223 1533 264 1576 in
278 1534 464 1577 creaturis
477 1547 691 1594 utcunque
703 1531 875 1594 vestigio
889 1538 931 1578 δε
945 1531 1210 1580 similitudine
1223 1536 1690 1584 communicabilitatem

66 1592 169 1642 hanc
181 1598 340 1660 accipias
353 1632 365 1652 ‚
379 1597 463 1657 jam
476 1599 833 1644 communicabilia
845 1613 965 1645 erunt
975 1601 1116 1645 omnia
1130 1634 1142 1655 ‚
1178 1617 1275 1646 cum
1289 1602 1484 1646 omnium
1497 1603 1690 1664 quaedam

25 1688 27 1691 ⁴
61 1660 104 1707 in
115 1665 302 1710 creaturis
315 1662 542 1710 similitudo
555 1667 786 1727 reperiatur.

126 1731 167 1773 X
179 1734 222 1775 V
234 1732 255 1775 I
269 1733 303 1774 I.
337 1733 454 1775 Cum
466 1747 565 1775 vero
579 1731 770 1776 attributa
784 1732 867 1777 Dei
879 1733 1034 1777 interna
1048 1731 1215 1794 proprie
1229 1730 1318 1778 duo
1329 1747 1495 1779 tantum
1506 1733 1599 1787 sint,
1618 1736 1681 1781 in-

62 1794 242 1841 tellectus
266 1800 309 1840 δε
333 1797 522 1842 voluntas
532 1812 543 1847 3
571 1798 726 1857 reliqua
739 1797 840 1842 vero
858 1796 936 1843 fint
952 1811 1116 1844 tantum
1130 1796 1484 1845 denominationes
1494 1816 1684 1858 externae‚

28 1917 29 1923 1
61 1860 284 1916 relationes,
314 1875 382 1907 aut
408 1863 655 1925 negationes,
681 1879 775 1923 quae
791 1862 841 1909 ad
863 1860 1067 1909 essentiam
1094 1865 1177 1910 Dei
1205 1866 1406 1910 internam
1420 1868 1584 1930 proprie
1599 1885 1689 1914 non,

28 1971 29 1977 ,
61 1922 238 1988 spectant
251 1961 264 1981 ,
299 1926 364 1973 secl
387 1929 422 1973 ei
446 1941 609 1973 tantum
634 1929 877 1974 tribuuntur
900 1931 943 1974 in
969 1927 1115 1974 ordine
1138 1928 1190 1975 ad
1215 1928 1431 1976 hominem
1443 1968 1460 1984 ,
1501 1948 1570 1979 aut
1596 1937 1687 1980 alias

61 1986 120 2036 'res
143 2007 322 2039 externas
338 2011 347 2038 :
374 1992 625 2039 commodus
648 2011 691 2039 ea
715 1993 916 2040 tractandi
941 1993 1049 2040 ordo
1062 1997 1137 2041 erit
1148 2030 1163 2050 ‚
1191 1994 1221 2041 fi
1233 1998 1371 2059 primo
1386 2015 1550 2060 agamus
1561 1999 1612 2046 de
1623 2003 1688 2046 in..

62 2054 182 2104 ternis
193 2093 206 2114 ,
223 2061 323 2104 veris
346 2063 387 2104 &
401 2061 593 2106 absolutis
605 2062 686 2106 Dei
701 2062 904 2106 attributis
915 2078 926 2112 ;
943 2059 1126 2125 deinceps
1138 2076 1274 2108 autem
1286 2061 1337 2107 de
1349 2066 1522 2110 externis
1533 2070 1575 2111 δε
1588 2069 1688 2113 rela-

62 2119 166 2169 tivis.
206 2128 350 2186 Atque
373 2127 428 2172 ita
451 2126 646 2171 attributa
670 2129 753 2172 Dei
767 2128 839 2172 alia
853 2128 943 2173 sunt
959 2161 970 2179 ‚
985 2144 1078 2188 quae
1090 2128 1292 2186 astuosam
1305 2131 1391 2190 ejus
1404 2130 1603 2190 effi’ntiam
1615 2150 1686 2179 ex-

61 2191 208 2252 plicant
221 2226 233 2246 ‚
260 2192 332 2236 alia
359 2208 458 2237 vero
484 2209 578 2252 quae
596 2190 697 2237 nihil
711 2194 882 2238 aetionis
892 2229 904 2244 ‚
919 2191 988 2238 sed
1000 2192 1084 2251 ejus
1096 2195 1259 2240 modum
1273 2196 1458 2255 existendi
1471 2202 1513 2242 δέ
1525 2200 1689 2244 relatio·-

62 2271 154 2301 nem
169 2255 219 2302 ad
230 2274 288 2302 res
301 2258 390 2302 alias
403 2272 631 2320 exponunt.
666 2260 816 2304 Prioris
826 2261 980 2322 generis
991 2259 1084 2305 sunt
1096 2263 1192 2305 Vita
1205 2295 1217 2315 ,
1231 2264 1495 2325 Intelltgentz'a
1505 2299 1517 2314 ,
1538 2268 1690 2310 Valunn

59 2334 135 2375 tas,
161 2326 461 2386 Omnipotentia
485 2326 567 2370 Dei
581 2329 659 2369 ἅτ.
698 2324 937 2370 Posterioris
962 2327 1115 2386 generis
1127 2327 1219 2374 sunt
1242 2333 1492 2377 eAEterm'tas
1505 2365 1518 2385 ,
1544 2334 1695 2377 Omni-²

55 2388 267 2449 prefintia,
289 2390 607 2438 Immutabilitas
621 2395 663 2437 δε
674 2394 914 2455 Simplicitas
926 2389 1027 2453 ejus.
