2116 2901
442 137 524 199 308
720 136 958 182 -L1n.
1023 133 1058 180 1.
1133 135 1432 180 CAPUT
1509 130 1712 179 XLII.

449 219 641 267 extremis
651 217 822 282 pedibus
833 232 982 266 terram
994 218 1248 280 contingeret
1257 251 1269 269 ‚
1299 232 1391 278 quo
1401 214 1570 262 coelestis
1581 215 1749 278 originis
1757 227 1951 277 perpetuo
1962 227 2042 266 me.
2056 262 2058 266 ,
2113 275 2116 282 1

452 300 563 338 mor,
595 286 705 331 illam
719 301 807 330 non
819 283 966 332 habere
978 317 991 337 ‚
1024 281 1091 329 sed
1103 284 1248 329 calcare
1258 281 1343 341 jam
1355 295 1447 328 tum
1459 280 1688 328 addisceret.
1723 279 1901 326 Nudum
1912 297 2070 345 praete-

453 365 520 396 rea
530 348 633 396 illud
644 347 720 397 effe
731 352 866 397 voluit
879 383 893 403 ,
926 350 1038 395 nulla
1051 362 1204 395 naturae
1218 361 1301 393 arte
1312 348 1527 393 munitum
1540 351 1582 391 &
1596 346 1980 407 contestum,qualia
1990 346 2045 396 ίὲζ
2075 344 2078 346 ’

456 431 597 461 rarum
621 429 730 478 terga
752 414 940 462 videmus
948 430 961 467 3
991 428 1038 460 ut
1050 414 1133 459 sol&
1145 415 1300 459 ratione
1312 413 1348 458 se
1358 413 1511 458 censere
1525 409 1750 458 assuesceret
1763 445 1775 465 ‚
1809 412 1994 474 illamque
2003 415 2044 460 in

456 479 674 526 confilium
687 479 875 526 adhibere
885 516 898 532 ,
937 495 1009 525 nec
1020 481 1062 524 in
1075 480 1189 524 cultu
1202 480 1383 541 corporis
1395 476 1574 524 modum
1586 476 1804 531 excederet,
1827 479 1962 540 primae
1975 493 2048 526 nu·

456 543 593 593 ditatis
605 544 678 591 fibi
690 547 885 591 conscius.
918 546 1043 591 Nihil
1051 545 1266 590 intulimus
1277 551 1319 588 in
1333 543 1534 589 mundum
1548 562 1558 588 ε
1584 543 1839 603 manifestum
1851 544 1922 604 est,
1948 543 2050 608 quid

455 628 584 674 neque
596 610 735 672 efferre
745 618 965 674 quicquam
970 610 1166 673 poffimu53
1192 608 1377 655 habentes
1390 625 1527 655 antem
1549 611 1743 654 alimenta
1757 615 1804 661 ὠ
1817 625 2048 674 tegumenta,

458 676 519 721 his
531 684 700 722 contenti
710 684 874 722 erimus.
915 694 931 722 1
940 710 950 721 .
964 678 1082 720 Tim.
1099 682 1188 737 617,
1197 677 1238 722 8.
1281 679 1338 721 Et
1349 691 1399 719 ne
1411 677 1492 719 oris
1505 672 1731 720 similitudo
1743 674 1904 720 confusa
1915 677 2050 723 omnia

457 738 642 786 redderet
655 774 667 795 ,
702 740 768 787 {ed
790 740 927 787 ordini
940 757 983 786 ac
995 738 1196 786 honestati
1207 742 1310 786 inter
1322 738 1513 785 homines
1523 740 1637 784 locus
1648 736 1755 793 esset,
1779 742 1960 801 proprios
1971 740 2048 786 fin,

456 807 561 868 gulis
571 807 709 852 vultus
720 804 833 852 dedit
844 840 857 860 ,
892 809 935 851 in
947 822 1031 867 qua
1043 808 1232 852 varietate
1242 806 1429 851 creatoris
1440 805 1625 867 sapientia
1636 818 1758 865 atque
1769 821 1894 851 omne
1903 816 2047 853 naturae

459 872 585 917 veluti
596 870 772 917 ludentis
784 874 995 933 ingenium
1009 869 1185 917 mirifice
1198 884 1372 933 apparet.
1409 873 1649 916 Sermonem
1662 868 1838 931 denique
1849 885 1967 932 atque
1977 873 2051 918 lin-

385 999 388 1003 *
460 952 586 998 guam
601 971 613 991 ‚
649 954 742 998 quae
766 938 958 983 societatis
980 935 1171 982 humanae
1196 936 1410 982 vinculum
1434 952 1478 980 ac
1501 933 1621 981 decus
1642 934 1724 990 est,
1760 935 1850 997 ipsis
1861 937 2051 993 attribuit,

253 1654 408 1704 Denique

253 1709 365 1758 infusa
378 1717 422 1743 A·

253 1773 380 1802 NIMA

256 1819 378 1855 vivens

253 1871 439 1910 redditum-

256 2055 362 2104 Cujus
382 2065 448 2091 ηι-

256 2122 337 2150 eura
348 2111 382 2145 in
392 2120 445 2144 co.-

252 2165 412 2213 gitatione

259 2215 405 2267 genfiffet
420 2225 431 2254 :

462 1016 587 1112 atplue
611 1001 712 1049 ficut
733 1003 889 1049 ratione
911 1036 926 1057 ‚
959 1004 1015 1049 ita
1038 1006 1081 1049 &
1104 1004 1289 1050 oratione
1322 1001 1518 1047 omnibus
1551 1002 1742 1047 creaturis
1773 1003 2049 1065 supereminere

462 1084 513 1126 Ju
545 1082 596 1114 it.

528 1136 625 1181 XC.
658 1139 828 1182 Creatus
839 1134 973 1182 homo
986 1133 1043 1181 est
1054 1149 1164 1181 aetate
1175 1135 1242 1182 illa
1256 1169 1268 1190 ‚
1303 1151 1397 1196 quae
1409 1130 1691 1196 perfefflffima
1703 1132 1760 1180 est
1772 1168 1785 1189 ,
1798 1150 1970 1195 quaeque
1980 1147 2053 1182 ter·

464 1217 603 1247 rarum
615 1198 806 1246 domino
831 1219 875 1247 ac
896 1203 1025 1263 gentis
1047 1199 1239 1248 humanae
1261 1201 1416 1264 parenti
1429 1217 1472 1244 ac
1484 1198 1689 1245 conditori
1701 1201 1940 1246 con-veniens
1950 1213 2045 1253 erat3

428 1287 430 1289 ·
465 1267 595 1326 qualis
615 1264 802 1325 juvenilis
826 1252 1039 1314 vel‘virilis
1063 1265 1146 1320 est,
1181 1284 1275 1327 quae
1299 1267 1422 1311 aetatis
1446 1263 1523 1310 flos
1545 1281 1589 1310 ac
1603 1281 1671 1310 ver
1682 1263 1761 1310 dici
1774 1266 1885 1312 solet.
1918 1271 2053 1327 Atque·

466 1329 569 1376 adeo
584 1332 750 1390 statura
775 1331 948 1378 Adamo
970 1332 1054 1379 fuit
1071 1331 1176 1390 justa
1198 1337 1241 1378 δε
1263 1330 1420 1378 decens.
1454 1334 1653 1392 Cumque
1663 1331 1965 1377 recensemanu
1977 1331 2051 1378 Dei:

466 1398 619 1442 veniret
632 1431 644 1451 ‚
679 1402 722 1442 ὅ(
743 1397 1030 1444 secuturorum
1054 1396 1278 1443 hominum
1301 1397 1505 1459 exemplar
1514 1394 1620 1442 foret
1632 1430 1644 1450 ‚
1678 1396 1876 1461 insignem
1887 1397 2057 1461 corporis

465 1459 654 1508 habitum
669 1479 711 1508 ac
724 1461 965 1524 dignitatem
978 1459 1158 1509 habuisse
1169 1462 1390 1510 indubium
1402 1460 1474 1508 est.
1509 1465 1613 1508 Non
1626 1476 1763 1509 tamen
1775 1480 1870 1509 cum
1883 1462 2049 1508 veterum

467 1525 713 1587 quibusdam
727 1562 740 1583 ‚
774 1532 817 1573 &
842 1528 1043 1592 praecipue
1056 1528 1312 1575 Talmudicis
1323 1563 1336 1583 ,
1371 1546 1423 1575 ex
1436 1525 1607 1574 Adamo
1620 1530 1749 1592 Gigas
1760 1526 1973 1584 faciendus,
1993 1528 2051 1576 vel

467 1590 560 1654 post
572 1610 668 1638 eum
680 1595 825 1656 integri
837 1597 1072 1657 Gigantum
1085 1595 1231 1657 populi
1241 1591 1531 1641 introducendi
1542 1593 1649 1641 sunt.
1971 1595 1974 1598 ’

535 1659 654 1704 XCI.
688 1657 924 1707 AEdificato
935 1659 1019 1718 jam
1033 1676 1205 1722 corpore
1218 1695 1230 1715 ,
1255 1659 1378 1707 instar
1401 1660 1557 1714 statuae,
1572 1658 1675 1706 illud
1686 1659 1819 1707 infuso
1831 1660 1964 1723 spiritu
1975 1659 2051 1706 ani-
2115 1677 2116 1680 ¹

469 1737 631 1770 matum
655 1723 712 1770 est
726 1758 738 1778 ‚
773 1729 816 1770 &
832 1727 965 1773 vivere
975 1760 987 1777 ‚
1007 1726 1214 1771 ambulare
1239 1743 1283 1772 ac
1305 1727 1425 1786 loqui
1449 1726 1565 1787 cepit.
1609 1729 1663 1771 Et
1682 1725 1937 1790 inspiravitin
1949 1740 2051 1771 nares

467 1793 556 1848 ejus
567 1789 819 1847 halitumftu
833 1791 1083 1854 spiraculum
1095 1798 1295 1846 vitarum,
1321 1793 1461 1852 &fnit
1472 1790 1586 1836 homo
1598 1798 1639 1835 in
1651 1799 1829 1838 animam
1850 1799 2050 1841 viventem.
2108 1818 2109 1821 =

476 1855 589 1900 Gen.
607 1873 646 1900 22
662 1874 703 1918 7.
729 1856 824 1902 Ubi
849 1873 966 1903 voces
1002 1869 1155 1915 Πρω]
1190 1861 1233 1902 &
1269 1869 1380 1916 &DJ
1417 1871 1639 1902 occurrunt
1651 1890 1667 1910 ,
1702 1870 2051 1918 quarum-utraque

471 1919 645 1966 halitum
659 1920 740 1966 five
753 1920 899 1967 flatum
913 1956 925 1976 ‚
960 1920 1144 1984 deinceps
1166 1939 1265 1968 vero
1292 1928 1335 1968 δε
1360 1925 1540 1970 animam
1553 1920 1771 1984 fignificat,
1813 1919 2057 1985 metonymiiz

471 1985 573 2049 figni
586 2019 598 2039 ‚
636 1985 717 2032 five
730 1984 791 2045 adj
799 1989 926 2041 unffi,
940 1988 1085 2032 animae
1098 1988 1351 2049 praesentiam-
1360 1986 1474 2034 haud
1486 1987 1654 2034 obscure
1665 1990 1877 2050 arguentis.

538 2055 683 2098 XCII.
716 2055 820 2097 Non
845 2054 954 2098 enim
968 2053 1101 2098 anima
1115 2051 1233 2099 flatus
1246 2052 1418 2114 quidam
1432 2052 1503 2107 est,
1527 2054 1592 2099 vel
1603 2052 1764 2109 halitus,
1786 2051 2047 2100 multominus
2114 2094 2116 2101 ,

473 2115 650 2163 accidens
661 2151 673 2170 ,
693 2116 897 2171 velerafis,
932 2117 1161 2172 harmonia,
1176 2132 1245 2164 aut
1258 2132 1397 2165 motus
1407 2119 1603 2181 corporis,
1637 2124 1752 2166 Cum
1767 2118 1815 2166 fit
1826 2117 2021 2165 substantia
2030 2114 2054 2160 ὲ.
2113 2142 2115 2158 1

473 2198 646 2245 corpore
658 2180 955 2228 distinctiffima
966 2219 979 2234 ,
1020 2183 1179 2245 spiritus
1193 2182 1313 2229 videl.
1341 2185 1612 2232 immaterialis
1624 2202 1667 2230 ac
1679 2185 1929 2240 immortalis,
1952 2179 2050 2240 cujus
2112 2177 2114 2223 ,¹

473 2261 561 2293 tota
574 2261 714 2292 natura
726 2250 767 2293 in
780 2250 1028 2310 cogitatione
1040 2246 1235 2294 consistit.
1271 2248 1390 2295 Nihil
1404 2263 1540 2295 autem
1552 2266 1705 2298 naturae
1716 2250 1801 2311 ejus
1821 2252 2048 2312 magisrepu-

471 2326 586 2374 gnat,
611 2328 740 2372 quam
754 2312 949 2366 extenfiO,
965 2313 1131 2374 ejusque
1143 2311 1377 2360 affectiones
1390 2349 1402 2368 ,
1415 2313 1676 2368 divifibilitas,
1693 2315 1835 2379 figura,
1847 2320 1888 2362 &
1898 2314 2046 2362 sunites:

475 2379 599 2440 longe
610 2379 721 2422 enim
735 2376 901 2423 diversas
914 2381 1172 2441 proprietates
1183 2381 1315 2425 anima
1327 2377 1515 2442 possidet,
1539 2396 1589 2428 ut-
1598 2383 1909 2445 intelligentiam,
1919 2377 2051 2426 volnn-
2109 2398 2111 2412 ¹

477 2456 616 2493 tatem,
645 2440 845 2499 judicium
860 2477 872 2496 ,
885 2460 1074 2489 amorem
1088 2478 1100 2497 ‚
1114 2442 1397 2490 certitudmem
1422 2479 1433 2498 ,
1454 2462 1547 2506 quae
1560 2464 1654 2493 cum
1670 2464 1838 2510 corpore
1849 2445 1942 2492 nihii
1951 2455 2048 2488 com-

477 2523 603 2552 mune
615 2505 764 2552 habent
778 2510 790 2560 ς
812 2524 886 2554 nec
901 2525 1107 2571 corporeae
1121 2527 1165 2555 ac
1175 2511 1344 2556 extensae
1358 2513 1517 2574 concipi
1529 2509 1717 2574 possunt3
1746 2512 1820 2559 nifi
1831 2503 2054 2567 etiam-cogi*

478 2573 650 2620 tationes,
659 2576 701 2618 &
713 2571 862 2633 judicia
873 2575 1069 2639 oblonga,
1084 2574 1294 2637 quadrata,
1310 2574 1638 2636 rotunda‚.re&ca‚
1651 2580 1828 2634 incurva,
1844 2576 1981 2626 stantia-3
1991 2583 2050 2614 cu-

1969 2637 2055 2684 han*
