2116 2901
2079 0 2116 87 3*

462 121 554 166 206
785 121 953 166 L1B.
1015 119 1056 166 1.
1122 115 1413 167 CAPu'r
1478 116 1801 167 XXXIII.

460 204 683 267 praesertim
707 215 805 251 curn
828 205 943 265 juxta
967 204 1288 253 adversariorum
1302 207 1551 261 sententiam,
1580 203 1770 252 Christus
1781 202 1961 268 potuerit
1971 205 2092 259 nom,

462 268 630 315 obedire
640 304 653 325 ,
671 285 794 332 atque
807 288 910 334 opus
923 271 1209 334 imperfectum
1223 270 1406 317 deserere.

527 336 620 381 XL.
644 339 701 383 Et
718 335 837 397 quod
849 351 1036 399 praeterea
1049 336 1220 391 addunt,
1237 335 1443 387 honorem
1455 335 1581 382 istum
1593 337 1713 392 Filio,
1730 352 1812 397 qua
1823 332 2002 382 diximus
2012 353 2077 388 ra,

460 400 574 445 tione
589 435 601 455 ‚
616 402 859 447 attributum
872 401 1049 448 eundem
1064 400 1137 447 effe
1150 419 1246 447 cum
1259 403 1331 447 illo
1344 392 1518 456 honore,
1531 419 1620 462 quo
1632 400 1886 447 honoramus
1897 405 2065 454 Patrem,

457 462 501 509 id
515 481 612 510 vero
624 467 792 530 intelligi
804 484 891 513 non
904 467 1049 531 potest.
1085 470 1240 513 Honor
1252 470 1378 521 enim,
1392 469 1465 528 qui
1478 469 1584 513 Patri
1596 468 1794 530 competit
1807 500 1818 517 ‚
1836 467 1922 511 talis
1934 465 1990 511 est
2001 500 2014 521 ,
2027 480 2072 516 uu

457 531 560 574 nulli
572 530 764 577 debeatur
776 533 850 578 nisi
864 536 937 595 qui
951 534 1094 579 natura
1107 549 1223 578 verus
1235 537 1278 578 &
1290 547 1461 579 aeternus
1473 536 1588 579 Deus
1599 531 1668 583 est,
1687 546 1733 578 ut
1745 532 1822 594 ipse
1834 536 1966 585 Pater,
1981 534 2075 593 qui*

456 611 539 654 que
564 594 664 642 adeo
689 596 911 645 omniscius
933 598 990 644 est
1002 634 1014 653 ‚
1040 603 1083 643 ὃ(
1095 614 1239 643 renum
1255 611 1378 658 atque
1390 597 1581 643 cordium
1599 598 1810 650 scrutator,
1824 601 1866 641 δε
1880 598 2071 659 omnipo*

455 671 555 715 tens,
571 666 613 706 &
625 664 918 726 omnipresen53
933 680 1028 710 nam
1042 662 1127 709 haec
1139 665 1355 709 convenire
1368 662 1515 709 debent
1527 666 1570 708 in
1583 679 1694 717 eum,
1713 678 1840 723 quem
1853 678 1950 707 cum
1963 660 2071 708 fidu-

453 726 513 769 cia
525 726 796 775 exauditionis
808 730 1036 776 invocaturi
1051 731 1076 774 s
1070 746 1201 775 umus.
1235 731 1349 775 Talis
1361 743 1495 774 autem
1512 745 1598 773 non
1611 727 1742 791 potest
1754 723 1828 772 effe
1841 729 1905 772 ille
1916 725 2066 783 honor,
2088 764 2090 766 ψ

453 807 581 850 quem
595 791 803 840 adversarii
815 793 998 847 Christo,
1015 809 1061 840 ut
1074 793 1289 840 mediatori
1301 808 1424 856 atque
1436 792 1658 848 homini,in
1671 806 2066 855 tempore,tanquam

451 856 637 916 praestitae
660 859 901 906 obedientiae
926 859 1152 906 mercedem
1170 895 1182 915 ‚
1195 861 1399 914 tribuunt,
1416 859 1489 904 nis1
1504 861 1662 922 pariter,
1675 875 1771 904 cum
1785 857 2067 919 Ubiquitistis,

450 918 590 969 divina
602 925 793 971 attributa
806 925 879 988 ipfi
893 925 1043 972 donata
1056 925 1244 971 statuant.
1281 924 1416 986 Qod
1429 942 1563 985 quum
1576 940 1662 969 non
1675 923 1821 970 faciant
1830 958 1843 974 ,
1877 928 1919 968 &
1933 937 2067 981 tamen·

448 984 668 1034 Christum
691 1004 737 1036 ut
749 989 964 1036 hominem
976 990 1253 1054 glorificatum
1268 992 1432 1036 summo
1446 989 1605 1035 honore
1618 990 1761 1035 colunt
1775 1022 1787 1043 ‚
1814 1005 1948 1034 revera
1960 1005 2067 1035 non*

446 1054 591 1100 Deum
617 1056 761 1119 colunt
774 1091 786 1109 ‚
810 1061 854 1102 ὃς
864 1057 1044 1114 fi’rviunt
1056 1061 1103 1102 1·st
1116 1066 1190 1120 qui
1198 1072 1350 1102 natura
1364 1062 1475 1102 Deus
1487 1074 1564 1100 non
1577 1055 1684 1110 sunt,
1709 1055 1807 1100 Gal.
1821 1073 1863 1115 4:
1882 1055 1922 1101 8.
1944 1054 2062 1104 adeo„

446 1134 529 1179 que
542 1117 644 1165 nihil
655 1120 730 1166 nisi
742 1121 905 1168 idolum
919 1123 1072 1168 cerebri
1085 1124 1142 1168 sui
1156 1121 1338 1167 adorant.

509 1187 624 1231 XLI.
666 1186 801 1249 Qod
812 1190 1032 1251 excipiunt,
1048 1190 1254 1234 committi
1266 1186 1542 1232 idololatriam
1556 1220 1568 1240 ‚
1582 1202 1669 1231 non
1681 1203 1779 1231 cum
1794 1184 1949 1246 aliquid
1961 1202 2062 1248 praee

442 1262 505 1295 ter
517 1254 660 1296 Deum
673 1251 819 1298 divino
833 1256 948 1299 cultu
962 1251 1161 1299 afficimus
1175 1288 1187 1307 ‚
1211 1251 1275 1298 sed
1287 1267 1380 1299 tum
1393 1251 1564 1297 demum
1579 1286 1590 1306 ,
1605 1269 1703 1297 cum
1715 1269 1763 1297 ex
1777 1253 1944 1314 proprio
1957 1252 2070 1297 arbia.

440 1316 524 1362 trio
537 1321 580 1361 &
592 1318 742 1372 lubitu,
757 1332 879 1380 atque
890 1336 940 1364 ex
954 1319 1200 1381 praepostero
1213 1324 1254 1365 &
1269 1317 1454 1364 adultero
1468 1319 1592 1362 animi
1606 1332 1729 1363 motu
1740 1351 1752 1371 ‚
1772 1316 1857 1362 fine
1876 1318 1962 1362 ullo
1978 1318 2056 1365 Dei

440 1380 637 1427 mandato
650 1417 663 1437 ,
689 1385 779 1428 imo
803 1399 944 1430 contra
957 1387 1212 1430 voluntatem
1225 1384 1324 1442 ejus,
1338 1382 1434 1429 huic
1446 1385 1509 1428 vel
1521 1383 1578 1427 illi
1590 1385 1643 1428 rei
1659 1382 1912 1429 divinitatem
1927 1398 2056 1443 quanq

437 1445 534 1492 dam
549 1446 921 1511 affingimus‚atque
932 1449 1098 1496 summo
1112 1449 1271 1495 honore
1282 1451 1392 1494 illam
1404 1450 1578 1494 colimus
1589 1466 1601 1500 ;
1619 1447 1729 1493 istud
1741 1447 1952 1493 confistere
1963 1448 2056 1497 nul-¹

436 1513 482 1557 lo
495 1511 628 1559 modo
641 1514 773 1576 potest
790 1534 799 1560 ι
813 1532 908 1561 nam
922 1515 1163 1562 mandatum
1178 1513 1286 1561 istud
1300 1517 1396 1569 Dei,
1411 1513 1529 1575 quod
1541 1512 1799 1576 fingunt‚pro
1812 1512 2054 1559 fundamen-

437 1591 485 1624 to
501 1579 573 1624 suo
587 1577 730 1626 habere
741 1579 917 1635 deberet,
930 1582 991 1627 vel
995 1581 1127 1639 solam
1141 1586 1222 1628 Dei
1233 1584 1489 1626 voluntatem
1504 1587 1551 1633 ὠ
1562 1587 1787 1643 imperium,
1800 1580 1862 1624 vel
1872 1581 2052 1641 aliquam,

427 1660 616 1706 praeterea
642 1661 829 1691 creaturae
841 1647 945 1707 istius
959 1650 1228 1693 excellentiam
1241 1654 1289 1699 ὠ
1301 1648 1551 1709 dtgnt‘tatem.
1589 1644 1665 1691 Sed
1677 1658 1871 1690 neutrum
1885 1642 1963 1690 dim
1975 1659 2050 1706 po-
2090 1691 2093 1694 Α

436 1708 512 1755 test
527 1729 536 1754 ε
561 1727 659 1756 cum
673 1745 686 1765 ,
711 1709 741 1755 fi
755 1712 835 1756 sola
848 1715 929 1758 Dei
942 1714 1131 1758 voluntas
1143 1710 1345 1757 sufficeret
1355 1747 1366 1763 ,
1394 1713 1458 1756 vel
1471 1710 1502 1756 fi
1515 1712 1601 1757 talis
1614 1712 1655 1755 in
1669 1714 1766 1757 Deo
1780 1711 1966 1756 voluntas
1977 1707 2061 1755 esse
2099 1735 2102 1739 -

432 1773 588 1837 posset,
611 1774 695 1834 jam
718 1792 844 1822 omne
866 1794 991 1840 genus
1014 1792 1202 1823 creaturae
1225 1812 1237 1831 ‚
1269 1779 1390 1822 etiam
1404 1779 1612 1830 inanimes,
1638 1793 1811 1830 aurum,
1838 1788 2045 1836 argentum
2090 1789 2094 1793 ·

429 1854 545 1902 puta,
573 1843 675 1901 quin
689 1843 751 1886 vel
764 1843 901 1888 lutum
913 1844 1060 1906 ipsum,
1074 1860 1123 1888 ex
1136 1842 1215 1888 isto
1228 1841 1500 1887 fundamento
1513 1840 1656 1887 divino
1670 1841 1830 1887 honore
1841 1838 1944 1885 affici
1957 1837 2045 1902 poss

429 1906 485 1951 set
497 1940 510 1960 ‚
536 1905 567 1952 fi
591 1906 724 1952 modo
747 1911 862 1953 Deus
870 1907 1026 1966 juberet
1038 1925 1050 1960 ;
1077 1911 1150 1970 qui
1162 1906 1271 1954 istud
1283 1910 1402 1953 etiam
1414 1907 1553 1966 jubere
1566 1903 1692 1970 poffet
1708 1905 1849 1967 :quod
1860 1904 1972 1951 dictu
1983 1907 2045 1950 ina

427 1969 604 2017 fandum
627 1970 685 2017 est
700 2006 712 2026 ‚
745 1983 824 2018 nec
847 1972 929 2019 fine
953 1973 1124 2019 horrore
1147 1975 1315 2036 intelligi
1328 1973 1472 2035 potest,
1499 1971 1695 2035 religiofis
1708 1987 1853 2034 nempe
1866 1971 2045 2034 precibus

426 2037 586 2082 ambire
611 2042 654 2082 δε
666 2038 773 2083 sacro
787 2040 902 2084 cultu
914 2041 1093 2085 venerari
1105 2053 1425 2099 creaturas,quae,
1438 2054 1523 2084 non
1537 2037 1632 2083 dico
1648 2037 1812 2092 divinae,
1827 2035 1892 2082 sed
1904 2052 1955 2081 ne
1965 2033 2041 2088 hue

425 2118 559 2148 manae
583 2101 753 2164 quidem
776 2105 944 2150 rationis
966 2121 1121 2167 capaces
1144 2105 1236 2150 sunt
1249 2138 1261 2159 ‚
1277 2109 1319 2149 ὃ(
1333 2120 1382 2148 ne
1395 2103 1631 2149 adorantem
1646 2100 1816 2163 quidem
1829 2099 1965 2147 audire
1975 2114 2040 2152 aut
2072 2148 2076 2150 ,

424 2169 644 2230 intelligere
677 2165 856 2230 possunt.
903 2173 1053 2231 Neque
1086 2171 1207 2216 etiam
1231 2171 1307 2216 tale
1330 2168 1572 2215 mandatum
1608 2170 1691 2215 Dei
1716 2182 1901 2214 creaturae
1923 2165 2040 2229 ipsius

422 2232 654 2279 excellentia
665 2233 739 2278 niti
752 2233 883 2296 potest
899 2268 912 2288 ,
927 2252 1023 2280 cum
1036 2234 1087 2281 ad
1100 2237 1260 2281 cultum
1274 2234 1508 2297 religiosum
1522 2232 1784 2279 fundandum
1800 2249 1886 2277 non
1902 2232 2040 2292 quaeli-

421 2299 505 2352 bet,
530 2296 595 2344 sed
608 2299 766 2343 summa
788 2300 1019 2346 excellentia
1042 2303 1271 2361 requiratur
1284 2335 1297 2354 ‚
1324 2315 1445 2361 atque
1469 2298 1608 2344 honor
1620 2300 1684 2344 ille
1699 2297 1837 2343 divina
1850 2297 2034 2352 attributa,

419 2363 727 2425 praesupponat3
756 2381 849 2425 quae
874 2381 970 2410 cum
994 2367 1037 2410 in
1051 2380 1248 2412 creaturas
1260 2364 1397 2412 cadere
1410 2378 1613 2427 nequeant
1628 2399 1640 2419 ‚
1653 2380 1787 2424 neque
1800 2362 1950 2410 eaedem
1961 2377 2034 2425 prQ

419 2427 587 2487 objecto
601 2427 846 2476 adorationis
858 2431 880 2474 a
893 2433 989 2476 Deo
1003 2433 1103 2493 poni
1116 2428 1292 2493 possunt.
1904 2462 1909 2467 -
2020 2465 2024 2480 -.

484 2498 524 2541 Χ
538 2498 573 2539 L
588 2497 608 2538 I
622 2497 654 2540 Ι.
690 2496 963 2542 Voluntatem
989 2511 1126 2542 autem
1150 2499 1231 2543 Dei
1255 2498 1381 2543 verbo
1407 2496 1492 2556 ejus
1515 2493 1735 2559 expressam
1749 2493 1868 2556 quod
1881 2494 2028 2546 attinet,

413 2561 594 2607 occurrit
607 2560 673 2607 illa
690 2560 771 2623 Jes.
785 2577 841 2622 42
856 2581 864 2609 :
881 2563 919 2609 8.
963 2566 1048 2626 Ego
1062 2562 1247 2626 Jehova,
1274 2563 1345 2628 heic
1355 2563 1420 2624 cst,
1443 2581 1584 2612 nomen
1596 2581 1731 2610 mmm
1741 2563 1932 2625 ‚gloriam
1951 2574 2032 2612 ,mer

1964 2639 2030 2667 am
