2116 2901
406 137 479 182 DE
514 137 851 182 PRovaNTm
885 137 983 182 Dm
1028 152 1079 182 ῐΝ
1115 152 1291 185 spectu.
1575 160 1654 205 329

49 235 92 268 ta
102 219 155 267 rei
167 217 418 266 existentiam
432 254 445 275 ‚
470 235 568 265 cum
592 220 733 264 omnia
745 220 766 265 ἒι
788 221 971 267 Decreto
995 224 1077 269 Dei
1099 224 1411 273 immutabiliter
1421 226 1623 290 pendeant
1631 245 1643 281 ;
1669 229 1849 281 providen-

51 301 96 334 ut
106 287 217 348 supra
230 284 435 331 ostensum
447 284 520 331 est,
1667 287 1716 323 tia
1745 285 1868 322 divina

111 355 229 401 XIII.
264 353 420 397 Omnis
429 367 527 414 ergo
541 367 633 416 quae
649 355 690 396 δε
704 350 997 413 qualiscunque
1009 355 1050 398 in
1064 355 1181 400 rebus
1193 355 1251 401 est
1262 359 1539 419 contingentia
1552 395 1564 414 ,
1600 376 1648 407 ut
1662 336 1811 390 summ?

51 421 91 464 &
103 414 312 469 neceffitaS,
329 418 350 462 ὲ
364 420 461 463 Deo
473 431 614 463 exorta
626 415 699 468 est,
716 422 759 462 &
771 417 822 462 ab
834 417 906 461 illo
919 417 1118 481 dependet
1142 437 1153 472 ;
1168 423 1221 466 ita
1235 437 1280 468 ut
1293 410 1444 470 sublata
1457 428 1536 472 Dei
1551 442 1649 488 pro-

50 481 221 530 videntia
231 484 341 528 nulla
354 484 394 527 in
409 482 529 528 rebus
543 484 819 544 contingentia
832 481 937 528 foret
950 518 962 537 ‚
979 483 1080 530 ficut
1093 502 1163 531 nec
1177 486 1376 534 neceffitas
1388 523 1400 542 ,
1444 507 1516 536 nec
1528 492 1648 537 liber-

49 562 113 602 tas;
129 565 223 600 cum
236 549 258 593 a
270 549 483 594 voluntate
496 549 578 594 Dei
590 549 727 593 omnis
738 547 787 594 fit
801 564 935 593 rerum
951 548 1150 597 necessitas
1163 587 1173 602 ‚
1191 554 1212 597 ὲ
1225 554 1404 600 libertate
1415 555 1498 614 ejus
1511 560 1648 602 omnis
1670 580 1706 636 y
1725 540 1780 640 ᾧ
1798 537 1901 608 [20

49 627 316 661 creaturarum
326 614 484 659 libertas
496 647 509 668 ‚
544 618 587 659 ὃς
621 614 671 659 ab
703 615 952 659 immutabili
973 614 1057 673 ejus
1079 616 1337 665 ordinatione
1361 623 1496 666 omnis
1506 638 1645 668 rerum

48 681 331 741 contingentia.
372 680 487 724 Hinc
501 681 705 743 Scriptura
717 696 854 724 rerum
871 681 1052 725 maxime
1066 684 1395 745 contingentium
1419 685 1646 732 ordinatio-

51 761 141 791 nem
153 749 249 793 Deo
262 743 458 791 adscribit.
508 748 599 808 Qi
603 753 783 809 percutit
793 763 1039 808 quemquam
1051 755 1110 792 ita
1132 764 1178 794 ut
1202 758 1401 796 moriatur
1413 785 1425 805 ,
1449 756 1648 799 moriendo

52 818 250 858 morietur.
284 815 323 856 E
326 826 342 855 t
338 812 383 871 st
390 813 480 874 quis
493 829 571 855 non
585 813 698 874 qnaefi
698 818 771 864 vit,
777 811 850 868 sed
858 816 969 857 Deus
982 831 1181 859 occurrere
1185 817 1286 874 fecit
1296 824 1438 861 manui
1449 820 1533 878 ejus
1547 851 1559 871 ,
1577 834 1648 880 po-

51 895 143 924 nam
155 876 225 922 tibi
247 879 375 923 locum
399 894 475 939 quo
483 878 637 942 fugiat.
674 876 818 922 Exod.
835 894 855 921 2
867 895 901 922 1:
933 894 949 922 1
959 894 996 928 2,
1023 895 1082 939 13.
1117 883 1184 924 ‘Ut
1192 882 1237 937 st
1255 890 1344 943 quis
1367 900 1460 928 cum
1467 891 1651 945 proximo

48 943 119 1002 fico
130 949 246 988 iverit
258 950 298 987 in
302 943 464 1006 sjlvam
477 945 533 988 ad
542 943 762 988 caedendum
777 946 899 1006 l1gna,
913 949 960 996 ὠ
962 946 1007 1001 se
1020 947 1336 1005 exueritferrum
1348 945 1373 991 ὰ
1387 951 1488 1006 ltgno
1501 981 1513 1001 ,
1527 957 1574 1002 ζῇν
1586 957 1648 992 in-

0 1043 1 1047 ,
50 1017 195 1054 venerit
204 1017 435 1072 proximum
458 1012 544 1071 ejus
567 1016 625 1054 ita
638 1025 687 1054 ut
698 1016 911 1054 moriatur.
925 1011 1055 1057 Deut.
1065 1028 1130 1069 19:
1150 1027 1184 1070 5.
1211 1015 1260 1055 In
1259 1014 1413 1072 sinum,
1429 1014 1471 1056 in
1484 1029 1646 1067 cavum,

0 1100 3 1109 =
49 1077 248 1136 conjicitur
254 1073 377 1131 sbrssft
391 1079 565 1120 Domino
579 1090 716 1120 autem
730 1075 782 1134 est
795 1090 879 1119 tota
891 1082 992 1119 ratio
1006 1080 1101 1139 ejus.
1117 1083 1240 1124 PrOV.
1253 1094 1268 1122 1
1278 1085 1320 1123 6:
1337 1093 1393 1139 33.
1409 1081 1556 1125 Nonne
1567 1088 1644 1124 duo

2 1163 4 1204 ;
45 1140 242 1203 paffi’rculi
253 1139 389 1201 affario
402 1156 577 1186 veneunt
593 1174 605 1195 ,
620 1147 667 1194 &⁹
679 1158 781 1186 unm
795 1159 844 1186 ex
856 1142 902 1185 ibs
914 1158 991 1184 non
1004 1144 1110 1189 cadit
1121 1152 1162 1189 in
1175 1160 1341 1197 terram,
1340 1145 1429 1202 fine
1442 1148 1563 1190 Patre
1575 1162 1645 1191 ve-

2 1238 3 1243 =
41 1205 148 1266 stro?
184 1203 339 1251 Matth.
358 1222 422 1251 10:
440 1223 508 1265 29.

110 1273 225 1319 XIV.
263 1274 416 1332 Neque
425 1274 546 1318 etiam
561 1285 716 1336 pugnat
729 1307 740 1326 ‚
765 1270 874 1318 idem
886 1271 1066 1334 respectu
1079 1272 1285 1318 causarum
1310 1274 1471 1320 suarum
1486 1276 1647 1320 contin-

4 1356 6 1362 ·
50 1352 140 1399 gens
151 1332 223 1382 effe
232 1372 244 1388 ‚
266 1341 308 1382 δε
320 1338 501 1400 respectu
514 1341 597 1384 Dei
611 1335 871 1384 necessarium
889 1357 898 1382 :
935 1335 1054 1398 quod
1066 1339 1175 1382 enim
1189 1340 1230 1383 in
1245 1340 1280 1384 se
1292 1341 1528 1401 contingens
1560 1339 1617 1385 est
1630 1374 1645 1395 ‚

4 1431 7 1445 1
52 1402 126 1447 alio
138 1403 314 1465 respectu
328 1400 588 1450 necessarium
601 1401 675 1449 effe
688 1403 834 1467 potest,
848 1402 877 1449 fi
892 1400 1052 1448 aliunde
1064 1402 1330 1449 necessitatem
1343 1405 1453 1449 suam
1467 1406 1645 1467 accipiat,

6 1476 7 1512 ξ
52 1483 139 1528 quae
153 1466 350 1515 neceffitas
371 1470 428 1514 rei
452 1470 667 1516 extrinseca
690 1483 855 1515 tantum
878 1467 936 1514 est
949 1503 961 1519 ‚
999 1472 1041 1513 &
1066 1471 1287 1530 appellatur
1296 1467 1494 1515 neceffitas
1506 1471 1646 1516 conse-

6 1556 9 1563 ·
52 1535 218 1594 quentiae
230 1568 242 1588 ,
257 1536 353 1596 quia
366 1535 629 1597 consequitur
642 1552 693 1581 ex
706 1533 868 1580 decreto
883 1532 1026 1578 divino
1038 1550 1049 1584 3
1099 1549 1172 1579 nec
1183 1536 1310 1597 magis
1322 1536 1644 1596 contingentiam

8 1641 10 1648 ,
53 1599 111 1644 vel
122 1599 341 1647 libertatem
374 1603 521 1649 evertit
530 1637 543 1654 ,
581 1617 710 1664 quam
734 1597 935 1646 neceffitas
948 1615 1040 1661 quae
1066 1600 1198 1646 oritur
1209 1616 1260 1645 ex
1274 1602 1354 1646 Dei
1376 1600 1614 1663 praescientia
1628 1635 1643 1655 ,

51 1679 167 1725 quam
180 1680 311 1712 tamen
326 1664 535 1713 adversarii
546 1665 832 1728 concedunt.)
849 1647 1021 1728 f‘exss'
1034 1649 1161 1777 cyfi
1193 1667 1263 1703 Μ·
1281 1681 1292 1693 ·
1308 1665 1369 1707 „q
1381 1666 1403 1712 J
1412 1649 1432 1705 s·
1447 1660 1658 1725 §1⁴32-

10 1741 11 1745 ’
113 1733 207 1778 XV.
242 1735 357 1778 Cum
370 1748 468 1794 ergo
480 1734 532 1779 ita
546 1746 677 1797 pateat
690 1732 976 1795 contingentiae
991 1748 1033 1776 ra
1067 1733 1168 1778 'cem
1181 1732 1202 1777 εὶ
1215 1735 1313 1778 Deo
1326 1729 1540 1794 petendam
1552 1729 1644 1786 esse,

10 1791 12 1797 ¹
55 1795 303 1843 manifestum
317 1796 387 1848 est,
402 1814 574 1844 omnem
587 1799 909 1860 contingentiam
924 1831 936 1851 ‚
973 1814 1066 1858 quae
1079 1800 1121 1842 in
1133 1798 1250 1843 rebus
1270 1797 1329 1843 est
1343 1833 1355 1848 ‚
1391 1810 1554 1843 tantum
1569 1794 1645 1842 effe

11 1878 13 1881 ’
52 1860 223 1923 respectu
236 1862 388 1917 nostri,
423 1868 466 1909 δε
477 1865 685 1910 causarum
697 1862 941 1909 inferiorum
956 1896 968 1915 ‚
1004 1863 1075 1908 ubi
1088 1876 1232 1925 praeter
1256 1861 1438 1908 nostram
1451 1864 1644 1907 intentio-

56 1940 158 1982 nem,
171 1933 211 1974 &
222 1927 476 1975 ordinarium
488 1946 628 1976 rerum
640 1929 887 1975 naturalium
901 1926 1105 1982 ordinem,
1119 1927 1353 1989 quidquam
1367 1925 1642 1987 accidit,quod

12 2012 13 2022 ¹
57 2003 141 2038 tum
154 1995 330 2057 respectu
344 1993 474 2040 nostri
486 1994 636 2042 dicitur
649 1995 902 2057 contingens.

113 2060 227 2107 XVI.
261 2060 376 2107 Male
400 2076 500 2124 ergo
524 2066 558 2105 τί
576 2068 784 2120 hagiam„
806 2064 850 2105 &
873 2076 1010 2107 rerum
1033 2060 1352 2121 contingentiam
1379 2059 1613 2120 concipiunt
1628 2091 1640 2112 ,
1668 2059 1801 2092 &rores
1819 2056 1862 2094 de

59 2124 127 2184 qui
137 2140 220 2171 eam
234 2125 333 2172 adeo
346 2127 571 2172 abiolutam
585 2126 845 2179 arbitrantur,
859 2138 905 2170 ut
917 2124 1108 2186 quaedam
1120 2127 1243 2169 etiam
1256 2125 1434 2186 respectu
1446 2125 1529 2171 Dei
1541 2140 1639 2168 con·
1658 2122 1772 2200 :frum
1784 2123 1861 2170 ‘³²¹³‘

58 2190 240 2252 tingentia
254 2189 329 2237 fint
342 2196 384 2237 &
396 2204 600 2244 maneant,
613 2207 747 2253 neque
759 2190 843 2251 ejus
854 2190 1112 2236 ordinatione
1124 2195 1166 2235 &
1180 2187 1342 2235 decreto
1355 2188 1457 2234 fiant
1473 2208 1483 2233 :
1509 2191 1642 2248 qualia
1674 2174 1831 2212 ingenua.

16 2268 17 2294 1
57 2253 142 2316 ipsis
156 2257 349 2320 praecipue
363 2274 406 2303 ea
418 2258 511 2305 sunt
523 2290 535 2310 ,
549 2273 643 2317 quae
671 2257 722 2302 ab
734 2254 915 2302 hominis
929 2256 1108 2301 libertate
1120 2260 1161 2300 δε
1173 2256 1383 2300 voluntate
1396 2252 1636 2317 dependent:

60 2318 163 2378 cujus
180 2336 362 2369 naturam
375 2321 526 2368 destrui
539 2335 697 2383 putant,
717 2321 746 2367 fi
760 2323 782 2367 a
794 2323 905 2368 causa
918 2321 1119 2384 superiore
1131 2319 1422 2366 determinetur
1437 2339 1446 2364 :
1483 2318 1591 2364 unde
1602 2323 1645 2364 ἅς

61 2399 100 2432 m
110 2388 352 2448 praescientiae
365 2388 515 2435 divinae
529 2386 763 2436 subducunt
787 2386 958 2449 quidam
973 2403 984 2438 ;
1022 2403 1116 2447 quae
1142 2387 1454 2431 Socinianorum
1466 2386 1649 2446 impietas

18 2493 19 2497 ,
61 2447 136 2497 est:
167 2454 230 2500 alii
243 2471 339 2499 vero
351 2470 497 2500 eorum
510 2455 712 2500 scientiam
738 2453 916 2500 mediam
930 2488 941 2504 ,
980 2454 1077 2498 citra
1101 2450 1482 2497 determinationem
1496 2466 1647 2496 eorun-

61 2513 163 2571 dem,
174 2520 214 2563 in
226 2522 321 2565 Deo
337 2517 671 2567 introduxerunt.

120 2583 255 2634 XVII.
289 2589 431 2649 Atque
458 2583 535 2634 hac
546 2587 833 2649 contingentiae
856 2584 987 2634 radice
999 2600 1042 2631 ac
1054 2584 1209 2693 rassone
1221 2583 1274 2629 ita
1286 2583 1476 2645 explicata
1487 2616 1498 2633 ,
1537 2582 1649 2651 uitro

1149 2660 1167 2692 t
1564 2663 1648 2705 jam

2002 1291 2009 1297 ι

2017 1260 2027 1282 α
