2116 2901
417 166 480 217 70
567 174 570 175 γ
844 149 883 192 L
925 161 942 191 1
982 161 1023 193 B.
1081 149 1117 193 Ι.
1174 148 1215 192 C
1249 161 1278 191 Α
1313 158 1340 190 1³
1378 109 1470 198 11:14.
1522 143 1644 194 XII..
2030 0 2116 222 1.-

859 315 1320 369 CAPUT
1433 314 1631 367 X11.

643 455 753 524 De
808 452 1140 547 Scriptura
1197 450 1800 547 Inter-pretatione).

698 620 707 625 '
758 616 941 680 Equitur
963 618 1176 679 Scripturae
1190 616 1472 680 Interpretatio
1486 649 1498 670 ‚
1523 632 1617 677 quae
1629 613 1948 677 perspicuitatem
1960 611 2050 674 ejus,

654 692 671 701 ⁹
730 673 747 687 “
761 687 801 729 in
815 684 935 729 usum
948 685 1083 728 vertit.
1099 684 1203 728 Haec
1215 697 1351 728 autem
1365 681 1515 744 duplex
1528 681 1600 735 est,
1614 696 1707 733 una,
1716 695 1808 740 quae
1821 696 1907 724 rem
1920 680 2042 742 ipsam

203 739 314 820 ξῖῗ
322 742 368 768 Α·
713 806 723 829 a
759 750 906 811 spectat
918 782 931 802 ‚
957 753 999 793 &
1011 763 1184 794 vocatur
1195 752 1399 812 explicatio
1413 764 1423 799 3
1440 749 1572 801 altera,
1584 763 1678 807 quae
1691 745 1811 790 verba
1822 744 1983 807 spectat,
1997 749 2040 791 &

512 862 517 863 ⁷
583 810 587 812 ‚
757 815 905 860 dicitur
930 815 1187 873 verfi0.(:irca
1201 817 1380 876 priorem
1395 810 1594 858 videndus
1606 813 1742 874 primo
1756 811 2046 873 Scriptfi’nfits„

419 879 517 925 inde
526 896 622 924 eum
636 879 920 942 interpretandi
928 880 1110 942 potestas,
1121 876 1814 941 norma,viae‚latitudo‚praesitppo]t‘ta
1827 881 1870 921 δε
1882 877 2035 925 modus.

489 949 556 990 ΙΙ.
597 942 672 988 Est
698 959 833 990 autem
859 947 1071 1007 Scripturae
1093 942 1299 996 sensusid,
1324 942 1442 1005 quod
1455 945 1657 1005 Scriptura
1670 940 1868 1004 fignificat
1880 940 2042 1005 fingulis

421 1010 522 1055 locis
535 1043 547 1064 ‚
562 1007 644 1054 five
655 1009 782 1056 sensus
796 1010 844 1056 fit
856 1013 1054 1062 litteralis,
1071 1008 1153 1055 five
1164 1010 1354 1073 mysticus.
1394 1010 1605 1056 Litteralt's
1617 1042 1630 1062 ‚
1655 1010 1743 1053 alias
1754 1006 1968 1053 historicus
1979 1008 2043 1056 di-

202 1134 205 1136 .
405 1076 528 1128 ⁴6tus,
540 1074 612 1128 est,
625 1076 699 1134 qui
712 1077 845 1121 oritur
856 1092 906 1121 ex
918 1076 1048 1121 verbis
1061 1077 1276 1137 Scripturae
1298 1109 1310 1129 ‚
1323 1076 1489 1137 proprie
1500 1075 1563 1119 vel
1580 1072 1754 1136 figurate
1769 1073 1954 1135 sumptis.

202 1139 375 1187 Scriptum
487 1144 587 1186 ΙΙΙ.
630 1139 762 1186 Aliud
785 1155 922 1186 autem
946 1139 1012 1185 hic
1037 1139 1094 1185 est
1118 1140 1244 1186 sensus
1269 1143 1461 1194 literalis,
1486 1138 1596 1185 aliud
1620 1157 1753 1185 verus.
1804 1140 1903 1186 Veri
1939 1140 2048 1187 Scri--¹

205 1201 362 1233 SENWS
421 1218 552 1267 pturae
578 1205 706 1250 sensus
728 1203 813 1251 haec
837 1205 895 1251 est
907 1207 1127 1269 proprietas
1150 1210 1192 1251 &
1216 1207 1482 1268 praerogativa
1504 1205 1620 1267 supra
1657 1204 1799 1267 scripta
1837 1202 2043 1261 humana,

201 1248 388 1298 qu‘nupkx'
421 1269 540 1331 quod
553 1272 689 1315 omnis
699 1270 783 1331 ejus
794 1288 925 1326 verus,
940 1271 1081 1325 sensus,
1094 1270 1135 1316 h.
1148 1288 1180 1316 e.
1199 1288 1326 1332 quem
1339 1272 1484 1316 auetor
1495 1268 1669 1316 intendit
1682 1306 1693 1322 ‚
1712 1269 1761 1315 fit
1785 1286 1957 1331 quoque
1971 1288 2049 1318 ve-

420 1337 538 1389 ritas,
561 1334 605 1381 id
629 1334 710 1390 est,
742 1335 860 1397 quod
883 1337 1035 1399 semper
1058 1338 1268 1381 veritatem
1293 1338 1511 1382 contineat.
1545 1338 1656 1381 Sicut
1679 1338 1802 1381 etiam
1815 1351 1865 1380 ex
1875 1333 2050 1382 adverso

421 1402 558 1446 omnis
580 1402 722 1446 veritas
745 1403 788 1446 in
801 1405 839 1448 S.
855 1404 1058 1464 Scriptura
1069 1400 1125 1446 est
1139 1419 1256 1447 verus
1269 1401 1352 1460 ejus
1365 1403 1493 1447 sensus
1509 1420 1518 1446 z
1543 1403 1680 1446 omnis
1691 1403 1802 1446 enim
1816 1405 1858 1445 &
1871 1402 2054 1461 quilibet.
2095 1443 2102 1450 .

420 1465 551 1512 sensus
572 1482 689 1512 verus
712 1468 786 1527 qui
809 1483 857 1512 ex
881 1468 1011 1512 verbis
1035 1468 1248 1529 Scripturae
1273 1467 1453 1528 legitime
1478 1468 1647 1522 elicitur,
1666 1465 1724 1512 est
1736 1483 1853 1512 verus
1864 1468 2041 1513 auftoris

420 1530 521 1590 ejus,
537 1535 601 1595 Sp.
612 1534 651 1577 S.
665 1565 677 1585 ‚
691 1531 832 1582 sensus,
843 1549 969 1592 quem
982 1534 1047 1578 ille
1062 1534 1104 1576 in
1118 1534 1257 1577 animo
1271 1531 1426 1577 habuit.
2046 1537 2050 1577 ζ

487 1601 507 1642 Ι
520 1601 576 1643 V.
612 1597 751 1642 Sensus
762 1597 970 1659 spiritualis
983 1597 1048 1642 scu
1061 1598 1236 1661 mysticus
1251 1597 1322 1652 cst,
1336 1614 1462 1658 quem
1476 1614 1562 1643 non
1577 1613 1694 1643 voces
1708 1598 1848 1661 primo
1873 1601 1917 1643 &
1941 1612 2055 1660 pro-·

419 1662 534 1707 xime
559 1661 811 1724 significant,
835 1661 901 1708 sed
924 1679 982 1708 res
1005 1664 1176 1715 ,vocibus
1199 1662 1456 1725 fignificatae:
1482 1665 1555 1723 qui
1581 1665 1602 1708 ὲ
1626 1661 1865 1710 scholasticis
1896 1661 2057 1709 distin-·.

420 1729 561 1790 guitur
584 1730 626 1772 in
650 1730 921 1790 allegoricum,
949 1729 1021 1773 ubi
1043 1728 1171 1773 sensus
1195 1731 1370 1774 litteralis
1393 1728 1628 1774 transfertur
1641 1726 1690 1773 ad
1704 1727 2041 1791 significationem

421 1794 477 1837 rei
485 1792 700 1855 spiritualis
711 1795 754 1837 in
769 1797 829 1839 N.
843 1797 898 1838 T.
928 1792 1043 1850 juxta
1056 1792 1159 1839 illud
1173 1795 1407 1849 Paulinum,
1420 1795 1492 1839 ubi
1499 1810 1571 1857 per
1583 1795 1680 1839 duos
1692 1797 1772 1839 illos
1772 1795 1885 1855 filios·
1894 1793 2052 1840 Abra-.

420 1857 535 1902 hami
548 1892 560 1912 ‚
584 1876 713 1904 unum
738 1875 789 1903 ex
810 1860 955 1904 ancilla
969 1893 981 1913 ‚
1009 1877 1140 1903 unum
1152 1876 1202 1904 ex
1216 1859 1339 1905 libera
1351 1894 1364 1914 ‚
1381 1861 1496 1905 alind
1506 1860 1817 1922 qnidfiguratar
1827 1877 1839 1912 3
1855 1877 1953 1905 nam
1965 1859 2040 1905 haec
2108 1875 2109 1907 ζ

409 1922 512 1979 fiant
524 1924 601 1968 duo
614 1925 681 1968 illa
694 1922 940 1982 testamenta.
978 1925 1077 1970 Gai.
1090 1940 1134 1984 4:
1151 1941 1220 1984 24.
1256 1928 1533 1988 tropologicum
1555 1959 1568 1979 ‚
1598 1941 1694 1970 cum
1710 1923 1760 1970 fit
1772 1925 1976 1971 transsatio
1988 1922 2040 1971 ad
2106 1932 2109 1951 ³

420 2003 570 2035 mores.
597 1994 760 2051 Propter
771 2007 840 2034 nos
851 1997 955 2034 enim
967 1990 1067 2035 illud
1075 1990 1121 2034 de
1133 2008 1211 2034 non
1225 1990 1429 2053 obligando
1442 2007 1504 2034 ore
1518 1990 1609 2035 bovi
1622 1999 1835 2036 trituranti
1844 1990 2040 2053 scriptum
2106 2023 2107 2026 =

418 2055 484 2114 cst,
502 2053 691 2116 quodfhb
700 2056 757 2114 spe
769 2054 909 2100 debeat
921 2061 969 2108 is,
981 2063 1054 2117 qui
1065 2070 1175 2109 arat,
1187 2074 1305 2102 arare
1318 2060 1397 2101 &Q
1437 2073 1453 2100 1
1463 2091 1472 2101 .
1487 2059 1590 2101 Cor.
1603 2074 1647 2114 9:
1661 2074 1705 2114 9,
1725 2073 1789 2102 10.
1827 2061 1871 2102 &
1893 2072 2040 2118 anago-

411 2128 548 2180 gicum
561 2154 573 2174 ‚
598 2135 696 2165 cum
722 2120 842 2165 verba
864 2119 1157 2166 transferuntur
1180 2121 1230 2167 ad
1244 2120 1549 2183 fignificandam
1563 2124 1690 2167 vitam
1703 2136 1909 2167 aetemam.
1932 2120 2030 2181 ξω.
2050 2161 2058 2167 .

419 2200 492 2243 95:
512 2203 575 2230 11.
598 2185 770 2247 Juravi
791 2202 853 2231 eos
873 2203 951 2230 non
974 2186 1200 2248 ingreffuros
1221 2196 1262 2232 in
1275 2195 1451 2249 requiem
1473 2205 1620 2234 meam.
1637 2186 1765 2246 ..confi
1789 2188 1921 2233 Hebr.
1936 2202 2039 2247 429.

419 2254 613 2312 Reliquus
625 2252 676 2311 est
688 2268 775 2312 ergo
790 2252 935 2313 aliquis
936 2249 1205 2309 sabbatismus
1209 2255 1352 2316 populo
1366 2258 1458 2298 Det.
1648 2247 1652 2250 ¹
1987 2257 1991 2260 ’

196 2328 264 2370 eius
277 2328 361 2367 aba·
483 2320 541 2363 V.
576 2319 736 2362 Verum
760 2313 969 2361 distinffio
992 2313 1079 2360 haec
1091 2333 1197 2362 nova
1210 2317 1267 2363 est
1285 2335 1298 2370 3
1314 2334 1410 2362 cum
1424 2316 1534 2380 apud
1545 2331 1692 2363 veteres
1704 2319 1956 2381 promiscuus
1966 2313 2056 2362 ha..
2099 2342 2101 2370 ς

196 2385 258 2431 (us.
417 2397 513 2426 rum
536 2396 690 2426 vocum
715 2380 835 2426 fuerit
857 2382 972 2426 usus:
999 2381 1126 2428 sensus
1149 2397 1285 2429 autem
1309 2381 1426 2428 hosce
1453 2397 1620 2429 tuentur
1642 2383 1847 2429 Pontificii
1873 2418 1886 2438 ‚
1912 2396 1960 2428 ut
1983 2383 2055 2429 ita*

412 2445 610 2556 <fiiogmata
633 2445 826 2507 quaedam
851 2447 916 2493 sua
928 2445 1108 2503 afferant,
1133 2466 1226 2511 quae
1239 2449 1351 2495 bon&
1364 2465 1412 2495 ex
1424 2464 1534 2512 parte
1547 2449 1732 2496 sensuum
1745 2448 1900 2496 horum
1916 2448 2038 2493 bene-
2052 2491 2058 2494 .

446 2514 509 2557 cio
522 2513 712 2574 probant.

191 2582 388 2622 undeortus·
474 2582 553 2627 VI.
588 2580 728 2641 Origo
753 2576 876 2640 hujus
899 2579 1040 2628 abusus
1055 2580 1213 2644 Judaeis
1236 2577 1426 2633 debetur3
1470 2556 1544 2645 qui
1558 2581 1702 2645 triplici
1717 2579 1919 2627 vocabulo
1934 2576 2063 2657 sgr-¹2
2094 2573 2097 2598 *

1907 2656 2038 2706 pturae
