2116 2901
386 151 1373 201 DE‘VoLuNwm-EDEL
1620 154 1718 212 '125

71 269 73 272 -
91 236 238 301 Qam
250 236 445 283 occultam
457 240 539 283 Dei
541 235 782 299 stipientimn
790 243 809 292 ζ
811 255 938 300 quam
943 237 1181 300 praefinierat
1192 242 1308 284 Deus
1319 235 1580 296 anteskcula)
1595 232 1709 283 izemo

11 353 13 358 ¹
85 305 306 367 principum
321 302 448 360 fecula·
472 302 597 364 hujus
619 309 798 365 cognovit
809 330 889 342 ---·
898 302 1010 348 nobis
1020 318 1161 348 autem
1172 308 1288 350 Deus
1299 304 1499 348 revelavit
1505 319 1578 366 per
1587 307 1713 366 Spiri-

81 374 364 425 ,tumsuumm
382 370 530 412 Cor.2:
548 368 665 413 8-10.
683 369 755 412 alia
767 367 1012 431 beneplaciti,
1024 369 1096 413 alia
1103 371 1237 432 signi:
1263 385 1356 430 quae
1369 382 1506 414 tamen
1520 384 1711 414 commo·
1733 378 1922 430 beneplasjn'

89 431 178 479 dius
191 431 387 478 diceretur
400 433 563 495 signum
575 434 796 478 voluntatis
809 434 1080 496 approbantis,
1103 451 1230 495 quam
1243 435 1322 497 ipsa
1334 435 1523 481 voluntas
1535 436 1632 480 Dei.
1691 441 1694 445 '
1731 434 1777 484 (5-
1785 436 1882 492 fignq‘.

154 501 192 543 X
206 502 256 544 X.
291 502 407 543 Cum
431 514 568 544 tamen
594 500 731 544 omnis
753 500 943 544 voluntas
953 501 1060 562 figm'
1073 501 1331 546 voluntatem
1344 501 1523 562 aliquam
1535 501 1617 546 Dei
1632 499 1708 547 fibi

89 562 393 626 respondentem
415 562 557 610 habeat
570 598 583 618 ‚
607 578 653 609 ut
665 580 726 609 ex.
739 581 799 625 gr.
827 564 946 625 quod
959 578 1065 611 vetat
1076 580 1302 627 peccatum,
1315 564 1482 612 testatur
1493 570 1638 612 Deum
1656 568 1708 612 il-

89 628 159 674 lud
170 627 315 681 odisse3
344 629 437 676 inde
451 646 623 690 quoque
635 646 677 674 ea
689 632 879 675 voluntas
890 630 1119 693 beneplaciti
1138 632 1323 693 appellari
1334 629 1468 694 potest
1482 650 1491 676 :
1519 633 1709 693 quamvis

88 709 171 739 non
185 695 362 757 respeftu
373 695 456 755 ejus
469 730 481 750 ,
517 693 635 755 quod
647 711 722 740 nos
733 696 870 757 primo
883 696 1070 757 adspe&u
1083 694 1178 741 inde
1190 698 1445 759 concipimus
1457 731 1469 752 ‚
1484 713 1627 743 verum
1641 714 1705 743 re-

85 759 219 822 spean
241 760 323 816 ejus
346 759 465 822 quod
488 764 604 807 Deus
624 777 759 806 revera
794 762 885 806 vult
910 779 920 806 :
945 759 1047 807 adeo
1073 774 1119 806 ut
1142 759 1228 807 haec
1241 778 1327 806 non
1341 761 1612 825 opponenda,
1636 761 1704 809 sed

86 824 157 870 fibi
181 839 331 871 mutuo
354 825 615 889 supponenda
638 824 738 878 fint;
767 843 1009 887 quanquam
1034 829 1221 873 voluntas
1233 827 1469 890 beneplaciti
1489 829 1606 873 latius
1617 829 1702 890 ple-

84 906 260 951 rumque
283 907 412 954 pateat
427 927 438 945 ‚
454 910 459 917 ⁵
472 897 514 937 &
527 894 651 936 rarius
664 892 736 937 sese
749 892 878 938 verbis
889 891 1084 938 declarare
1097 892 1230 944 soleat,
1249 891 1315 940 sed
1326 895 1464 957 potius
1475 893 1594 940 rebus
1608 893 1701 957 ipfis

82 956 156 1002 sese
167 956 485 1018 cognoscendam
507 957 693 1020 praebeat.

145 1024 281 1069 XXI.
328 1022 612 1069 Commodius
645 1037 782 1068 tamen
819 1024 1009 1084 voluntas
1030 1025 1113 1070 Dei
1150 1021 1350 1070 dividitur
1372 1024 1415 1069 in
1436 1026 1693 1071 voluntatem

80 1097 227 1143 ἔυῶκίας
249 1094 291 1135 δε
310 1101 488 1151 ἐυωςεςὶοις
515 1108 525 1133 t
549 1090 614 1133 illa
626 1087 683 1133 est
695 1089 884 1134 voluntas
895 1088 1359 1152 beneplaciti&decreti.
1395 1093 1537 1137 Etiam
1551 1096 1686 1142 Pater,
1713 1087 1866 1143 ἔυῆκῖοῆς
1912 1140 1914 1143 ,

79 1164 172 1219 quia
184 1164 242 1201 ita
251 1159 405 1218 placuit
418 1153 690 1201 tib1.lvlatth.1
704 1162 812 1200 1:26.
830 1153 915 1200 haec
924 1154 983 1200 est
996 1156 1296 1217 complacentiae
1310 1156 1375 1200 seu
1389 1157 1692 1219 approbationis
1716 1150 1756 1186 ὅ(
1782 1151 1901 1199 ‘'⁹0⁶3“

79 1223 177 1267 cirea
199 1220 333 1267 officia
355 1220 605 1275 hominum,
641 1219 757 1278 juxta
780 1220 969 1267 mandata
990 1223 1071 1267 Dei
1098 1220 1284 1283 praestita.
1328 1224 1486 1287 Qaefit
1499 1218 1807 1269 voluntasfm‘·

77 1291 155 1333 Dei
166 1286 265 1332 hona
278 1290 343 1332 illa
356 1303 513 1351 accepta
526 1305 573 1333 ac
577 1288 765 1350 perfecta.
791 1289 994 1333 Roma:
1012 1303 1049 1332 2.
1087 1286 1308 1333 Probantes
1320 1289 1421 1350 quid
1415 1290 1476 1348 fit
1486 1304 1691 1351 acceptum

77 1357 263 1399 Domino.
297 1351 405 1415 [ph.
426 1369 462 1412 5:
482 1369 548 1400 Io.
582 1354 656 1398 Illa
679 1353 869 1398 voluntas
893 1354 1081 1399 ordinans
1094 1352 1375 1408 &decernens‚
1388 1351 1475 1399 haec
1479 1353 1628 1416 jubens
1642 1361 1692 1408 &-

70 1426 282 1481 praecipiens
296 1419 345 1463 ab
357 1420 439 1464 aliis
451 1420 682 1481 appellatur.
1227 1416 1230 1444 3
1317 1440 1320 1443 ’

137 1486 273 1529 XXII.
310 1487 460 1544 Neque
472 1486 553 1529 ulla
564 1487 667 1530 inter
678 1481 776 1528 duas
787 1481 898 1530 hasce
908 1485 1137 1530 voluntates
1148 1482 1205 1529 est
1217 1485 1482 1546 repugnantia
1493 1518 1504 1538 ,
1530 1482 1595 1530 sed
1609 1481 1690 1532 sola

75 1546 276 1597 diversitas
295 1551 336 1596 in
364 1549 555 1610 objeffis5
589 1567 682 1610 quae
696 1565 783 1593 non
796 1547 935 1595 eadem
949 1552 1040 1596 sunt
1054 1552 1095 1594 in
1109 1548 1433 1612 voluntatefigni
1447 1555 1487 1595 ὃς
1502 1547 1699 1612 ὒοὴὸρΙεῑ-’

75 1615 165 1659 citi:
189 1615 386 1678 praecipffl'z'
411 1632 507 1661 cum
530 1615 719 1661 mandata
732 1616 814 1660 Dei
827 1631 912 1660 non
927 1616 1107 1662 absolute
1123 1650 1135 1670 ‚
1159 1613 1224 1660 sed
1237 1630 1467 1678 comparate
1479 1632 1573 1661 curn
1589 1614 1686 1662 fini-

72 1680 145 1725 bus
166 1681 241 1726 suis
254 1680 404 1743 semper
416 1680 628 1745 speetanda
640 1680 732 1727 fint.
761 1684 907 1741 Atque
924 1679 979 1727 fic
991 1683 1181 1728 voluntas
1194 1683 1276 1726 Dei
1289 1682 1339 1726 ab
1351 1683 1469 1727 omni
1482 1683 1684 1728 calumnia

72 1745 295 1793 absolvetur
308 1780 320 1801 ‚
343 1763 476 1807 neque
498 1746 572 1792 fibi
586 1761 770 1808 unquam
785 1749 984 1793 contraria
997 1747 1200 1810 apparebit
1216 1764 1226 1790 t
1241 1761 1382 1793 contra
1397 1764 1440 1793 ac
1453 1744 1680 1798 Lutherani

71 1812 316 1866 cavillantur,
327 1829 372 1857 ac
384 1811 413 1857 s1
427 1811 595 1858 diversas
606 1815 647 1859 in
660 1817 758 1859 Deo
768 1813 998 1859 voluntates
1010 1828 1266 1876 poneremus.
1375 1865 1381 1871 .

100 1904 103 1912 τ
134 1878 302 1923 XXIII„
329 1880 534 1924 Voluntas
554 1878 788 1940 beneplaciti
800 1876 1049 1924 Scholasticis
1060 1876 1259 1925 dividitur
1270 1878 1311 1923 in
1323 1878 1617 1925 antecedentem
1632 1883 1675 1925 &
1693 1891 1901 1931 Amet-edens

68 1943 357 2006 consequentem
383 1962 392 1988 :
418 1962 512 2007 quae
534 1943 743 1991 distinftio
767 1945 1023 1990 Damasceno
1047 1943 1248 1995 debetur3
1289 1943 1398 2007 apud
1421 1960 1549 2005 quem
1571 1947 1597 1990 l.
1630 1962 1668 1991 2.
1693 1942 1738 1990 ύ-
1755 1946 1862 1995 conse-

69 2014 190 2059 eabae.
208 2021 259 2062 τῆς
278 2018 375 2071 ὅρῖυδ.
397 2022 513 2064 miezae
541 2013 699 2056 mentio
713 2010 761 2058 fit
772 2016 957 2067 θελῆρςςιπς
971 2016 1191 2065 ωερηγεμένε
1205 2013 1248 2053 &
1270 2016 1410 2066 impetus
1429 2031 1439 2058 ;
1466 2009 1541 2055 nifi
1554 2010 1673 2072 quod
1690 2013 1804 2052 quem·

68 2085 156 2118 ante
177 2091 270 2120 eum
293 2074 618 2140 chrysostomus
640 2075 867 2123 distinxerit
890 2075 994 2118 inter
1008 2075 1266 2119 voluntatem
1289 2075 1466 2136 primam
1479 2076 1674 2122 &secun-

67 2135 175 2185 dam.
208 2141 347 2187 Avide
369 2159 458 2188 eam
481 2156 716 2205 acceperunt
738 2141 926 2189 hodierni
947 2142 1181 2185 Novatores
1200 2155 1370 2193 omnes,
1405 2139 1509 2187 dum
1522 2156 1678 2188 antece-

68 2200 228 2251 dentem
253 2208 505 2256 voluntatem
528 2209 677 2252 volunt
688 2205 788 2263 effe,
821 2223 905 2268 qua
930 2209 1048 2251 Deus
1079 2206 1274 2250 omnium
1285 2205 1451 2252 salutem
1465 2205 1676 2263 desiderat,

67 2270 336 2333 omnibusque
357 2273 494 2320 media
516 2275 647 2319 salutis
668 2275 861 2336 largitur,
898 2269 997 2316 nihil
1023 2285 1159 2316 tamen
1173 2269 1372 2323 statuens,
1399 2268 1678 2319 donec'videat

67 2334 194 2396 plures
205 2336 344 2385 mediis
355 2339 436 2387 istis
447 2340 639 2387 abusuros
654 2356 665 2392 ;
695 2334 805 2387 unde
816 2354 909 2386 tum
921 2336 1191 2399 consequente
1202 2338 1416 2384 voluntate
1432 2336 1571 2385 statuit
1583 2340 1677 2403 plu-

65 2400 189 2448 n'mos
199 2400 400 2453 damnare.

128 2468 284 2516 XXIV.
329 2477 489 2520 Verum
513 2470 600 2518 haec
623 2473 892 2535 multiplicem
916 2467 1269 2532 imperfectionem
1293 2470 1336 2515 in
1372 2472 1471 2517 Deo
1493 2484 1675 2533 ponunt,

68 2528 225 2595 eiusque
234 2536 301 2582 vel
313 2538 478 2586 scientiae
492 2539 554 2583 vel
567 2539 757 2600 potentiae
772 2552 1024 2600 magnopere
1034 2533 1233 2598 derogant
1251 2570 1263 2590 ,
1277 2534 1380 2582 dum
1394 2535 1583 2597 quaedam
1598 2553 1677 2580 vo-

67 2596 140 2645 luit
161 2616 251 2662 quae
271 2619 345 2661 nec
370 2606 481 2653 scivit
494 2637 511 2660 ,γ
531 2620 604 2650 nec
626 2603 821 2667 consequi
844 2604 1008 2667 potuit3
1033 2602 1375 2665 voluntatemque
1396 2602 1479 2650 Dei
1502 2599 1553 2647 ad
1566 2603 1679 2646 aetus

1039 2674 1141 2731 Q
1573 2683 1680 2712 crea·-
