2116 2901
624 186 678 228 ln
709 172 912 229 Aufforis
946 173 1126 224 Eximit·
1175 170 1412 221 Eximium
1442 165 1522 217 hoc
1545 178 1661 238 opus.

505 315 671 365 Randia
690 312 893 360 Tartareis
918 310 1039 372 agitat
1062 306 1278 353 molimina
1302 301 1483 349 mundus

381 327 494 434 G
562 379 761 432 Artibus,
796 381 838 422 &
861 377 971 421 virus
993 372 1129 420 fundit
1163 372 1317 430 ubique
1349 370 1483 414 suum.

413 451 520 493 Non
555 447 710 491 sacrum
743 443 894 488 violare
926 440 1045 484 timet
1072 472 1084 492 ‚
1119 442 1374 494 Numenque
1407 431 1635 480 verendum-

480 511 651 573 Impetit
684 505 858 553 infandis
890 503 1050 550 ausibus
1083 505 1186 548 alma
1221 516 1360 563 parens

414 578 644 627 Errorum,
679 569 909 619 damnanda
943 585 1104 631 parens,
1144 567 1283 629 stipata
1306 563 1504 627 phalange

480 638 729 692 Haeoefium,
751 636 917 697 quibus,
941 633 1066 680 Heu!
1093 632 1212 679 turba
1235 631 1395 675 novella
1416 627 1535 677 favet.

417 705 621 751 Barbaries
644 702 839 750 immensa
862 701 984 762 viget.
1019 697 1246 745 Sordescere
1269 696 1395 757 coepit

482 770 690 832 Relligio,
729 766 914 829 stuprum
940 761 1046 827 passa
1079 779 1148 826 per
1181 776 1307 807 omne
1339 759 1460 807 nefas.

418 836 572 886 Arius,
615 833 830 880 Arminius
852 865 866 886 ‚
902 830 1073 876 Socinus
1105 863 1113 882 ,
1147 829 1336 880 Meum,
1378 822 1603 875 Photinus³

483 901 686 961 Pelagius,
724 899 837 958 queis
869 900 911 941 δε
944 895 1130 957 jungitur
1164 907 1245 939 atra
1278 889 1426 939 cohors

419 963 772 1012 Enthufiastarum
798 962 943 1025 pariter
965 976 1061 1005 cum
1087 963 1252 1022 Segrege
1275 958 1421 1003 Turba

485 1034 562 1074 Per
595 1030 737 1091 patrias
769 1043 858 1072 oras
893 1042 985 1086 quae
1022 1025 1212 1070 celebrata
1244 1036 1399 1074 recens,

419 1096 551 1141 Illicio
585 1098 764 1148 Satanae,
799 1091 946 1139 Roma
981 1103 1183 1154 praeeunte
1216 1087 1442 1152 Magistra,

486 1157 707 1204 Offuscant
740 1174 867 1219 quem
900 1172 976 1202 nos
1009 1153 1194 1201 irradiare
1226 1153 1339 1210 juvat

413 1223 592 1288 Justitiae
627 1225 763 1270 Solem
787 1257 800 1277 ‚
847 1222 1044 1284 nigraque
1076 1221 1297 1265 obvolvere
1330 1233 1486 1266 tentant

488 1291 630 1335 Nocte
663 1288 772 1335 diem
806 1301 941 1350 gratus
974 1288 1048 1347 qui
1082 1286 1160 1332 fuit
1195 1285 1320 1346 usque
1354 1287 1439 1348 piis.

421 1355 605 1401 Mascula
628 1356 911 1416 magnanimos
934 1354 1093 1415 rapiunt
1116 1352 1198 1411 qua
1223 1367 1308 1396 non
1333 1352 1452 1400 datur
1476 1352 1579 1397 ultra

488 1423 642 1482 Coepta
665 1422 788 1465 viros.
820 1422 953 1465 Partes
978 1433 1025 1465 ut
1047 1431 1179 1463 tueare
1203 1419 1286 1462 Dei

423 1486 654 1548 Corripuit,
678 1487 714 1530 B
729 1485 905 1532 URM
919 1487 960 1529 A
975 1487 1019 1530 N
1038 1484 1131 1530 NE
1145 1516 1158 1537 ‚
1192 1496 1307 1528 tuam
1330 1485 1389 1530 vis
1411 1479 1554 1529 enthea
1577 1494 1787 1533 mentem,

489 1554 603 1596 Inter
635 1552 858 1613 praecipuos
891 1545 1174 1595 constituende
1206 1546 1343 1595 duces.

424 1618 630 1662 Errorum
654 1631 914 1676 quaecunque
948 1615 1096 1668 Babel‚
1132 1616 1374 1677 Synagoga,
1412 1613 1577 1661 Senenle

490 1684 547 1726 Et
570 1682 719 1743 peperit
744 1679 978 1726 monstrum
1001 1679 1184 1726 monstra
1207 1694 1412 1742 perempta
1439 1678 1564 1732 dabis,

425 1745 561 1791 Hoste
585 1744 852 1809 triumphato.
888 1744 1066 1792 Constat
1089 1746 1155 1791 sua
1174 1746 1304 1808 gloria
1329 1749 1436 1792 Stoae

493 1812 736 1856 Praelucente
760 1825 836 1857 tuo
862 1809 1020 1865 Sidere,
1057 1824 1205 1873 magne
1238 1809 1404 1858 Pharos,

425 1876 628 1921 Pellucent
654 1875 834 1938 adaperta
857 1878 983 1938 magis
1005 1878 1220 1938 penetralia
1243 1878 1363 1932 coeli,

492 1943 619 1986 Clave
642 1942 715 1986 tua
737 1941 915 1986 clausum
942 1940 1059 2002 quod
1082 1943 1277 1988 reserante
1300 1941 1392 1988 fuit.

427 2007 622 2067 Dispellet
656 2008 802 2051 mentis
833 2007 1012 2052 tenebras
1045 2006 1127 2053 hoc
1159 2008 1318 2053 Faedere
1351 2010 1486 2054 lucens

494 2072 661 2116 foederis
693 2074 830 2117 aeterni
863 2071 1032 2134 limpida
1066 2072 1234 2119 flamma
1268 2086 1359 2119 tuo.

427 2138 589 2181 Erranti
625 2138 667 2180 in
703 2139 843 2198 pelago
877 2151 983 2183 certa
1016 2136 1080 2183 hic
1114 2138 1332 2200 Cynosura
1364 2137 1541 2196 juventae

495 2204 617 2246 Certa
645 2200 776 2246 codex
801 2204 943 2247 Helice
963 2237 976 2253 ,
1018 2204 1084 2247 cui
1108 2219 1196 2248 mea
1219 2205 1344 2248 Musa
1378 2207 1499 2250 canit.

430 2267 581 2326 Scripta
606 2267 683 2310 viri
710 2280 896 2311 maneant
918 2284 1007 2312 aevo
1033 2269 1174 2313 sacrata
1200 2270 1377 2329 perenni.

495 2333 568 2375 Tu
592 2334 1017 2378 FRANCISCE
1043 2331 1114 2377 fies
1138 2334 1269 2379 Urbis
1291 2337 1333 2378 δε
1368 2335 1498 2379 Orbis
1520 2350 1655 2381 amor.

429 2396 808 2443 PRANCISCOS
830 2412 932 2443 creet
957 2395 1040 2442 haec
1063 2398 1159 2442 alios
1181 2400 1578 2446 BURMANNIA
1604 2399 1752 2463 proles,

497 2463 683 2507 Nomina
706 2476 904 2525 perpetuo
927 2461 1204 2508 continuanda
1228 2461 1304 2510 die.

813 2571 1042 2618 Venerando
1054 2576 1211 2637 Collegae
1221 2581 1262 2621 in
1272 2578 1359 2620 S.S.
1371 2576 1598 2636 Minist‘erio
1612 2578 1765 2635 Collega
1779 2581 1920 2623 cecinit

972 2658 1305 2707 IOHANNES
1339 2660 1829 2735 HEIMENBERGH.
1886 2722 1970 2770 Ad
