2116 2901
219 1143 369 1203 Possem.

2012 0 2107 84 W

455 150 534 193 162
836 138 1705 185 L1B.I.CA1³U·1·XXX.

448 228 516 273 illa
527 225 690 289 proprie
703 241 747 270 ac
757 240 827 288 per
838 224 875 270 se
885 222 1022 270 existit
1030 256 1042 276 ,
1070 224 1305 282 ultimoque
1317 223 1519 285 completa
1531 221 1590 269 est
1605 241 1615 267 ε
1642 221 1717 268 nifi
1730 221 1887 271 accedat
1901 220 2062 278 ordina}

446 293 510 340 tio
533 290 583 337 ad
596 293 714 336 aliam
726 288 986 335 substantiam
998 323 1011 340 ,
1027 286 1109 334 five
1121 286 1258 333 divina
1268 322 1282 339 ,
1303 285 1384 332 five
1395 285 1588 342 humana,
1604 303 1674 350 per
1685 305 1812 348 quam
1824 291 1878 336 ita
1890 308 1983 339 cum
1992 297 2061 344 illa

448 355 737 418 conjungatur,
762 369 810 401 ut
822 355 999 400 actiones
1010 357 1052 398 δε
1064 350 1262 416 passiones
1275 353 1484 414 utriusque
1495 353 1574 404 toti
1584 353 1818 415 compofito
1829 389 1842 407 ,
1869 373 2062 410 commu...

447 422 490 469 ni
503 423 672 467 nomine
682 422 892 483 appellatO,
908 419 1192 466 attribuantur.
1952 456 1957 461 .

509 491 635 535 VIII.
659 486 819 533 Falsum
830 486 939 531 enim
952 483 1024 539 est,
1037 482 1330 529 subsistentiam
1344 481 1557 529 consistere
1568 484 1611 528 in
1623 483 2058 539 incommunicabilita-

444 565 539 607 tate,
561 568 658 598 cum
671 552 790 598 omni
800 553 856 596 rei
868 563 1005 596 creatae
1017 550 1187 595 ulterior
1199 546 1406 594 ordinatio
1419 546 1470 594 ad
1481 550 1599 595 aliam
1611 565 1698 595 rem
1710 583 1724 604 ‚
1747 549 1930 613 adeoque
1941 571 2056 603 com.

444 618 738 664 municabilitas
760 614 939 662 accedere
962 612 1108 677 possit:
1133 613 1315 660 confistit
1338 629 1474 662 autem
1496 631 1540 660 ea
1561 615 1605 659 in
1627 615 2051 679 incommunicatione‚

443 683 511 728 seu
534 680 654 744 quod
675 697 763 728 non
787 680 999 728 ordinetur
1022 696 1105 726 una
1127 695 1186 727 res
1198 678 1248 726 ad
1260 681 1405 735 aliam,
1434 692 1482 726 ut
1494 695 1591 726 cum
1602 679 1651 726 ea.
1660 696 1794 728 unum
1805 695 1945 731 totum
1957 703 2058 735 con--

441 746 594 795 stituat.

504 817 527 859 I
539 816 594 860 X.
627 817 744 861 Cum
756 828 855 859 vero
866 809 953 857 duo
966 810 1045 857 sint
1056 808 1367 857 substantiarum
1380 826 1537 875 genera,
1561 826 1696 857 unum
1707 813 2054 877 intellectualium,
2098 792 2101 852 l

438 877 549 927 aliud
560 880 851 930 materialium3
880 893 929 923 ex
943 878 1016 923 usu
1029 878 1244 924 materiales
1260 878 1510 940 appellantur
1522 876 1724 940 suppofita
1736 912 1750 933 ‚
1773 881 2055 933 intelle&uales

436 958 574 992 autem
597 945 805 1008 separatim
831 942 1039 990 existentes
1062 942 1269 1006 personae:
1293 944 1348 989 ita
1369 956 1507 989 tamen
1521 957 1569 989 ut
1580 943 1746 1006 proprie
1758 945 1970 1007 loquendo
1986 967 2054 997 ea„

436 1011 533 1058 dem
548 1009 597 1056 fit
612 1009 859 1055 subsistentia
872 1011 913 1053 in
926 1009 1043 1055 rebus
1056 1009 1353 1065 materialibus,
1367 1025 1461 1070 quae
1474 1010 1517 1054 in
1527 1009 1882 1065 intellectualibus,
1904 1031 2051 1075 quam·
2093 977 2097 1076 l

436 1079 497 1125 vis
509 1078 677 1122 nomine
689 1074 846 1122 diverso
859 1077 1123 1137 exprimatur.
2092 1082 2095 1121 Ξ

501 1144 554 1188 Χ.
592 1141 760 1200 Perffina
772 1157 869 1205 ergo
882 1176 894 1196 ,
918 1141 1002 1202 quei
1014 1157 1129 1194 voce,
1146 1141 1167 1185 a
1181 1139 1290 1186 scena
1303 1141 1490 1204 primitus
1501 1139 1703 1195 transsata,
1717 1142 1760 1187 in
1774 1140 1886 1189 sacris
1894 1146 2052 1207 primus.
2090 1126 2094 1171 ’ξ

433 1209 527 1256 usus
549 1208 607 1256 est
639 1208 920 1254 Tertullianus
935 1241 947 1261 ‚
974 1204 1073 1251 nihil
1099 1205 1208 1251 aliud
1233 1205 1431 1269 fignificat
1444 1223 1570 1266 quam
1584 1207 1846 1254 substantiam
1857 1226 1948 1271 quae
1960 1227 2048 1260 non:
2073 1177 2094 1250 l

430 1275 490 1322 est
503 1277 615 1324 unita
628 1274 704 1320 alii,
741 1279 805 1321 Ita
817 1288 863 1320 ut
874 1273 1125 1336 personalitas
1137 1271 1271 1317 solum
1284 1273 1540 1336 negationem
1555 1275 1719 1319 unionis
1728 1272 1847 1320 dicat.
2088 1274 2091 1319 l

498 1345 584 1388 XI.
625 1341 784 1386 Graecis
805 1354 941 1386 autem
963 1355 1048 1384 vox
1076 1348 1245 1392 ‘vedommu
1275 1340 1375 1384 circa
1387 1335 1468 1383 hoc
1479 1336 1725 1400 mysterium
1737 1340 1921 1402 usurpata
1933 1341 2046 1390 estin·
2086 1340 2089 1397 ἶ

430 1408 606 1454 concilio
618 1407 807 1457 Niceno,
823 1407 911 1450 imo
924 1410 966 1449 δε
979 1418 1082 1458 ante,
1106 1406 1148 1449 in
1161 1403 1374 1452 elenchum
1398 1415 1493 1463 ψιλὲ
1511 1415 1691 1462 sudam&
1716 1405 1896 1458 Sabellii3
1923 1421 2042 1470 atque
2084 1428 2087 1464 ;

428 1475 600 1519 alterum
625 1472 875 1517 vocabulum
898 1480 1097 1523 -Επαςάπως
1124 1504 1138 1525 ,
1191 1470 1312 1532 quod
1336 1472 1376 1515 in
1402 1472 1607 1534 Symbolo
1621 1469 1833 1519 Athanafii
1845 1476 2040 1530 occurrit,
2082 1482 2086 1528 ζ

427 1552 632 1602 praeeunte
654 1537 880 1600 Scriptura,
910 1538 1076 1583 Hebr.1:
1092 1553 1126 1598 3.
1152 1538 1225 1583 ubi
1237 1534 1427 1583 Christus
1438 1535 1587 1583 dicitur
1608 1546 1781 1597 3039.an
1803 1544 1833 1583 Γις
1854 1541 2045 1591 κὲνυηέσεως,
2081 1538 2085 1613 j

430 1602 881 1663 clmmfferfitbststentiae
891 1604 1040 1657 Patris,
1064 1619 1107 1663 q.
1131 1601 1173 1648 d.
1197 1603 1336 1665 imago
1349 1601 1402 1648 fic
1413 1607 1573 1649 Patrem
1587 1602 1828 1664 exprimens,
1844 1600 2040 1660 quemad·
2081 1620 2083 1642 l

430 1667 610 1715 modum
634 1667 676 1714 id
689 1666 807 1729 quod
819 1669 861 1712 in
873 1669 960 1714 cera
972 1666 1054 1722 est,
1089 1670 1280 1730 exprimit
1302 1667 1481 1714 formam
1495 1703 1508 1724 ‚
1543 1684 1636 1728 quae
1658 1668 1700 1712 in
1726 1665 1856 1729 sigillo
1868 1664 1936 1712 est.
1970 1669 2044 1715 Ut·
2078 1648 2083 1739 l

431 1735 594 1779 morose
616 1735 737 1779 nimis
764 1735 1024 1779 Memnonitae
1049 1733 1196 1794 aliique
1218 1732 1323 1779 hanc
1343 1750 1491 1779 vocem
1514 1732 1726 1796 refugiant.
1784 1737 2036 1795 Qanquam
2077 1742 2080 1792 f

427 1797 479 1844 de
490 1801 659 1845 nomine
671 1799 781 1843 nulla
793 1802 866 1844 erit
883 1797 1112 1853 difficultas,
1125 1800 1257 1848 modo
1271 1800 1363 1860 quis
1374 1798 1521 1845 divinis
1532 1800 1708 1862 personis
1721 1815 1763 1844 ea
1775 1798 2040 1859 tribuat‚quae1
2076 1811 2079 1855 ξ

427 1866 630 1927 Scriptura
655 1863 706 1909 de
728 1865 774 1908 iis
797 1866 1038 1927 pronunciat
1066 1897 1078 1917 ‚
1124 1880 1269 1928 nempe
1294 1866 1386 1910 talia
1408 1863 1620 1927 praedicata
1642 1898 1654 1918 ,
1702 1864 1835 1924 qualia
1858 1863 2033 1926 personis
2076 1863 2077 1894 ἶ

425 1930 551 1975 tribui
574 1930 700 1975 solent
713 1963 726 1983 ‚
750 1930 1088 1991 proutarebus&
1102 1930 1330 1976 actionibus
1341 1931 1468 1992 vulgo
1481 1928 1814 1992 distinguuntur:
1841 1930 1970 1990 qualia
1992 1930 2033 1975 in

425 1996 548 2055 specie
559 2010 645 2039 non
658 2008 820 2041 tantum
834 1997 955 2048 Patri,
971 2010 1119 2041 verum
1129 1999 1172 2040 &
1184 1997 1348 2051 Fili0,&
1362 2000 1429 2059 Sp.
1443 1999 1482 2042 S.
1495 1997 1538 2041 in
1552 1996 1764 2059 Scripturis
1775 1993 1914 2042 diserte
1925 1995 2038 2052 attii-3
2099 2028 2102 2034 v

425 2060 624 2106 buuntur.

492 2127 591 2171 XII.
614 2130 662 2171 In
687 2125 829 2172 scholis
849 2140 986 2173 autem
1009 2127 1186 2191 personae
1199 2124 1261 2173 hae
1275 2125 1422 2174 divinae
1435 2129 1478 2173 in
1490 2126 1690 2173 abstracto
1703 2139 1850 2172 notant
1859 2127 1900 2171 in
1912 2122 2036 2171 effen-1

421 2190 477 2234 tia
502 2188 642 2237 divina
668 2192 932 2239 subfistentias
954 2192 1160 2253 quasdam,
1180 2194 1491 2256 proprietatibus
1507 2192 1958 2238 incommunicabilibus
1969 2189 2030 2237 di-

420 2253 606 2308 stinctam
633 2258 676 2301 in
689 2271 880 2303 concreto
892 2272 1043 2313 autem,
1066 2258 1300 2305 substantias
1311 2257 1375 2302 seu
1388 2256 1588 2322 supposita
1599 2257 2039 2303 incommunicabiliter

421 2319 621 2367 distincta.
661 2327 809 2368 Praeter
834 2322 1127 2370 subsistentiam
1138 2326 1247 2370 enim
1260 2322 1558 2370 confiderandae
1571 2324 1662 2369 sunt
1673 2324 1931 2387 proprietates
1941 2336 2033 2384 per-

419 2386 595 2440 sonales,
620 2403 719 2447 quas
743 2390 951 2451 concipere
974 2386 1187 2451 poffumus
1207 2404 1404 2450 tanquam
1428 2388 1747 2436 fundamentum
1782 2389 1909 2434 trium
1932 2400 2034 2447 quas.
2102 2420 2108 2430 .

418 2448 592 2496 dicimus
628 2452 887 2513 personarum
915 2473 926 2499 ι
973 2454 1113 2517 estque
1136 2454 1240 2500 illud
1272 2454 1535 2517 spectandum
1568 2469 1767 2516 tanquam
1811 2453 2026 2514 analogum

419 2515 536 2589 quid.
546 2513 712 2633 εἷξιπίίε
734 2517 898 2591 diversis
908 2553 923 2580 ,
948 2537 1041 2583 quae
1054 2522 1144 2574 alias
1154 2518 1472 2576 fundamenttun
1481 2520 1575 2586 sunt
1586 2518 1832 2589 diversarum
1843 2517 2032 2581 persona-

417 2595 569 2633 tumul
612 2598 783 2635 umarus,

1437 2707 1469 2725 m
