2116 2901
300 147 374 193 DE
409 144 713 190 Oficouomii«.
746 153 912 189 *rmum
947 143 1274 189 Pansonanum.
1554 160 1627 206 231

0 246 1 249 ’
21 240 109 286 Deo
129 237 169 282 δι
191 234 340 281 Sancto
364 205 518 278 Israelis
533 264 545 284 ,
580 226 788 276 Ass‘ertore
815 247 859 276 ac
875 227 1053 277 Vindice
1077 231 1221 292 populi
1235 228 1292 274 sui
1307 263 1319 280 ,
1357 228 1565 275 Salvatore
1587 246 1631 275 ac

16 301 165 370 Justitia
175 299 271 359 ejus,
285 304 328 345 δε
341 298 460 344 unica
472 298 605 342 salutis
616 299 761 359 Rupe,
771 298 814 341 in
827 312 917 357 quo
930 309 1024 342 tuto
1037 297 1200 358 gloriari
1211 295 1327 340 liceat
1339 329 1351 349 ‚
1381 296 1548 357 Angelo
1570 309 1632 341 te-

0 408 1 412 ,
21 367 191 416 stamenti
202 366 263 412 vel
275 362 452 411 Foederis
465 367 542 408 &c.
580 360 774 408 dicuntur
785 396 798 417 ‚
824 360 875 408 de
887 363 992 408 Filio
1006 361 1208 424 speciatim
1220 358 1479 423 intelligenda
1492 360 1612 408 sunt..

0 445 1 449 ’
77 437 168 481 XII.
251 433 290 476 ui
304 430 553 494 peculiariter
566 444 739 490 quoque
753 442 926 474 vocatur
938 428 981 472 in
994 428 1197 490 Scriptura
1207 461 1219 481 ‚
1242 443 1340 471 cum
1352 423 1553 472 Chaldaeo
1567 429 1631 472 in-

21 513 187 563 terprete‚
212 497 382 543 Verbum
405 497 471 542 seu
495 507 641 551 Λέγω.
677 499 780 540 Non
795 508 881 540 tam
894 527 906 548 ‚
933 494 1032 554 quia
1042 493 1222 555 respectu
1233 493 1401 555 originis
1413 490 1600 554 procedit
1613 494 1636 537 a

21 571 136 619 Patre,
158 578 349 624 tanquam
375 561 815 609 mentis&intelle6tus
827 559 911 619 ejus
922 560 1088 621 imag03
1121 557 1224 606 sicut
1236 558 1409 604 verbum
1422 559 1632 604 internum

1 664 3 668 -
20 633 145 695 imago
168 627 354 692 quaedam
378 632 421 674 &
444 628 569 675 foetus
594 625 742 673 nostrae
768 627 914 672 mentis
939 623 1000 672 est
1018 643 1028 669 ε
1054 641 1182 689 quarn
1198 625 1334 686 potius
1351 641 1386 669 1.
1403 623 1501 685 quia
1513 626 1630 669 Deus

21 698 57 742 in
67 713 113 742 eo
125 698 280 742 locutus
291 694 361 749 est,
375 699 417 740 ὃς
430 694 595 740 consilia
610 694 635 739 s
627 711 676 740 ua
694 692 890 738 formavit
902 691 953 737 ab
965 705 1119 737 aeterno
1132 707 1145 742 ;
1179 704 1304 751 atque
1316 705 1388 752 per
1400 705 1496 734 eum
1511 703 1629 735 aeter-

19 778 69 808 no
88 758 188 822 jussu
215 766 255 808 &
269 774 373 807 nutu
386 759 501 821 quasi
514 762 656 806 omnia
670 755 871 805 condidit.
900 771 989 818 quo
1002 756 1112 802 sensu
1124 753 1405 802 Paroemiastes
1416 755 1534 799 illurn
1546 761 1626 800 Sa-

19 835 194 892 pientiam
205 828 329 874 Patris
341 829 515 873 vocavit.
544 831 670 873 Prov.
689 826 729 872 8:
753 842 769 870 1
778 841 817 870 2.
856 841 895 870 2.
909 823 1043 868 rursus
1056 823 1154 883 quia
1165 822 1321 874 omnia,
1334 837 1428 881 quae
1441 836 1628 881 unquam

21 892 65 940 ad
84 894 249 958 gloriam
272 893 383 939 suam
406 896 449 938 &
473 893 583 956 spem
607 890 791 937 nostram
814 887 1005 952 promisit
1031 893 1073 934 &
1096 886 1203 934 dixit
1227 921 1240 941 ‚
1294 903 1337 932 ea
1361 887 1403 931 in
1426 887 1512 948 ipso
1536 919 1549 939 ,
1585 891 1629 932 δε

21 957 66 1005 de
75 959 169 1022 ips0‚
187 964 228 1005 &
240 975 308 1022 per
318 958 452 1022 ipsum
465 993 477 1013 ,
501 957 610 1004 dicta
636 957 740 1003 sunt.
779 956 912 1001 Hebr.
945 972 1011 1001 10:
1026 973 1068 1017 7.
1103 954 1203 1001 Psal.
1229 969 1304 1014 40:
1332 952 1372 998 8.
1408 950 1542 998 Unde
1565 953 1631 996 illc

24 1026 169 1088 loquens
180 1023 561 1084 dicitur.Esai.52·.6.
590 1019 790 1085 3.tandem
806 1023 903 1083 quia
917 1020 1017 1066 ficut
1029 1019 1204 1067 verbum
1217 1024 1259 1064 δε
1271 1019 1403 1064 fermo
1416 1018 1562 1063 mentis
1573 1015 1631 1063 est

2 1143 4 1146 ·
22 1092 208 1155 interpres,
221 1092 284 1138 ille
294 1093 419 1137 etiam
432 1095 577 1137 Deum
590 1095 633 1135 &
645 1087 784 1135 divina
796 1088 929 1139 nobis,
948 1103 1045 1133 cum
1058 1085 1191 1142 dietis,
1204 1097 1297 1133 tum
1309 1083 1422 1130 factis
1441 1087 1484 1128 δε
1497 1085 1630 1146 operi-
1651 1084 1657 1087 ’

24 1155 90 1202 bus
100 1157 171 1203 suis
183 1153 392 1212 edisseruit,
406 1171 529 1218 atque
540 1157 683 1202 onmia
695 1157 737 1200 in
750 1152 909 1201 ecclesia
922 1153 989 1198 sua
1002 1155 1164 1198 locutus
1174 1150 1245 1197 est.

79 1224 193 1269 XIII.
209 1224 396 1270 Similiter
406 1228 570 1287 Spiritui
581 1228 621 1268 S.
640 1238 729 1283 quo
743 1219 794 1267 ad
806 1219 994 1269 ordinem
1011 1216 1154 1280 agendi
1166 1218 1362 1265 tribuitur
1374 1233 1510 1262 rerum
1525 1231 1626 1261 con·
1650 1226 1792 1276 ,ςρέγῐειιέ
1805 1231 1839 1262 3,

24 1287 226 1335 summatio
239 1306 250 1342 ;
265 1291 412 1336 cumin
426 1296 619 1335 creatione
635 1308 643 1333 :
661 1288 732 1332 ubi
745 1293 915 1350 Spiritus
929 1290 1007 1331 Dei
1012 1281 1225 1345 ferebatur
1228 1283 1350 1346 super
1363 1285 1494 1345 aquis.
1510 1284 1621 1329 Gen.
1648 1295 1761 1318 rerum

33 1370 47 1399 1
56 1370 244 1418 :2.nempe
257 1357 296 1403 in
309 1353 455 1400 mundi
467 1354 641 1400 exordio
654 1349 860 1415 indigestae
873 1349 969 1396 huic
982 1350 1085 1395 moli
1098 1351 1225 1395 veluti
1237 1349 1628 1411 incubabat‚potenti
1649 1335 1811 1397 Consum·

26 1433 135 1480 atque
145 1420 306 1466 vivifico
319 1420 410 1467 fotu
422 1438 561 1466 rerum
574 1421 768 1465 omnium
782 1418 931 1464 semina
943 1418 984 1461 in
998 1414 1138 1470 istum,
1153 1416 1227 1476 qui
1240 1414 1378 1479 postea
1391 1415 1544 1460 secutus
1555 1414 1630 1470 est,

26 1484 199 1532 ordinem
223 1503 265 1532 ac
276 1502 469 1534 ornatum
481 1485 694 1549 disponens
707 1499 832 1544 atque
843 1484 1046 1533 animans;
1072 1496 1167 1528 tum
1182 1483 1222 1527 in
1248 1482 1484 1526 redemtione
1498 1478 1630 1541 (idem

28 1552 124 1614 enim
137 1555 207 1613 qui
219 1568 352 1598 rerum
365 1551 555 1598 conditor
566 1551 623 1598 est
637 1586 648 1605 ,
687 1549 824 1595 noster
836 1564 1009 1610 quoque
1022 1548 1245 1594 Paracletus
1257 1552 1298 1592 δε
1313 1543 1543 1592 intercessor
1555 1546 1626 1593 est.

29 1619 202 1665 Similiter
226 1618 315 1665 verb
341 1626 388 1672 (ῤ’
412 1624 581 1682 Spiritus
604 1619 825 1681 opitulatur
848 1612 1150 1675 infirmitatibus
1160 1613 1321 1670 nostri53
1349 1619 1397 1666 (3⁹
1409 1615 1630 1675 interpellat

24 1697 85 1742 pro
95 1683 210 1739 nobis,
215 1685 437 1747 gemitibus,
467 1684 720 1746 quift’rmone
733 1701 809 1727 non
822 1684 1086 1744 explicantur.
1110 1680 1168 1723 iile
1182 1677 1276 1724 verb
1291 1713 1304 1733 ‚
1330 1686 1402 1741 qui
1414 1678 1631 1734 scrutatur

28 1749 144 1801 corda,
157 1758 263 1795 novit
265 1751 444 1810 studium
457 1756 627 1812 Spiritus
643 1771 656 1794 .·
671 1747 994 1811 quiitsecundum
1007 1749 1145 1791 Deum
1158 1747 1379 1807 interpellat
1386 1761 1457 1806 pro
1460 1743 1626 1801 fimeta.

31 1814 152 1861 Rom.
167 1817 205 1862 8:
225 1825 290 1871 26,
306 1822 404 1878 27.)
445 1831 566 1877 atque
578 1817 777 1860 creatione
789 1810 976 1866 secunda,
989 1816 1031 1856 &
1044 1809 1268 1856 hominum
1283 1827 1326 1856 ac
1339 1812 1467 1855 totius
1481 1808 1631 1856 muntii

30 1878 284 1928 innovatione.
318 1887 375 1927 Et
397 1882 496 1928 dabo
510 1881 619 1926 vobis
630 1899 695 1927 cor
705 1898 875 1934 novum,
901 1885 948 1931 &⁹
960 1883 1157 1940 Spiritum
1169 1895 1324 1922 novum
1334 1875 1434 1920 dubo
1448 1883 1489 1920 in
1504 1876 1630 1920 medio

31 1945 160 2004 vestri:
185 1955 230 2001 &v
252 1950 435 2009 auferam
457 1966 521 1993 eor
545 1947 644 1992 illud
666 1947 867 2009 lapideum
890 1962 940 1990 ex
952 1960 1069 1988 carne
1082 1942 1213 2002 vestra
1226 1977 1238 1997 ,
1269 1949 1317 1995 θ’
1330 1941 1430 1986 dabo
1444 1940 1553 1986 vobis
1569 1958 1633 1986 cor

32 2025 216 2059 carneum.
250 2012 397 2060 Ezech.
416 2023 480 2075 36:
499 2021 568 2059 26.
585 2015 796 2074 -Mstque's
820 2025 984 2056 renatus
988 2009 1119 2070 fuerit
1133 2025 1183 2053 ex
1195 2025 1305 2071 aqua
1322 2011 1532 2070 &sperum
1553 2025 1632 2051 non

31 2077 136 2135 potes}
146 2086 288 2124 intrare
298 2087 338 2124 in
350 2098 514 2143 regnum
527 2084 623 2126 Dei.
656 2078 762 2142 quod
775 2096 825 2123 ex
837 2094 953 2122 carne
966 2090 1113 2120 nutum
1127 2074 1192 2135 est,
1205 2092 1294 2120 caro
1307 2074 1358 2133 est
1370 2089 1381 2124 3
1401 2080 1447 2126 &³
1461 2073 1572 2135 quod
1580 2090 1631 2117 ex

26 2142 155 2202 spiritu
178 2161 316 2191 natum
336 2147 387 2206 est
409 2150 575 2209 Spiritus
598 2144 664 2205 est.
692 2141 794 2209 Joh.
811 2160 845 2204 3:
866 2158 902 2201 5,
918 2150 958 2189 6.
999 2144 1061 2186 Ita
1074 2154 1119 2185 ut
1136 2138 1339 2200 quicquid
1352 2139 1506 2201 uspiam
1521 2139 1577 2200 pii
1589 2154 1633 2183 ac

33 2205 143 2253 saneti
166 2208 219 2255 est
232 2244 244 2264 ,
267 2225 384 2272 atque
409 2213 547 2256 omnia
560 2228 654 2272 quae
668 2212 710 2255 in
723 2208 899 2256 Ecclesia
913 2225 956 2253 ac
969 2223 1096 2270 regno
1109 2205 1265 2252 Christi
1287 2219 1487 2267 geruntur
1501 2238 1513 2259 ,
1538 2202 1634 2248 huic

36 2273 182 2333 Spiritui
204 2291 350 2339 accepta
374 2274 531 2323 ferenda
547 2276 637 2322 sint.
680 2277 801 2337 Qin
814 2275 972 2327 omnia,
998 2288 1091 2333 quae
1105 2274 1147 2317 in
1162 2273 1347 2318 creaturis
1359 2271 1514 2334 egregia
1526 2269 1636 2322 sunt,

36 2340 255 2406 functaeque
277 2344 453 2404 ipsorum
476 2341 616 2397 dotes,
645 2343 857 2405 ingenium
872 2374 884 2395 ‚
897 2339 1084 2402 sapientia
1095 2343 1172 2384 &c-.
1211 2339 1278 2383 illa
1291 2339 1432 2382 omnia
1444 2348 1635 2397 operatur

38 2401 131 2450 ldcm
154 2408 325 2469 Spiritus.
355 2413 412 2454 Et
425 2425 470 2455 tu
483 2409 582 2454 dices
607 2407 788 2454 omnibus
792 2404 1037 2470 sapientibus
1049 2405 1159 2450 corde
1171 2437 1185 2457 ‚
1215 2422 1312 2466 quos
1325 2403 1635 2465 implevi-spiritu

32 2470 204 2530 sapientise
233 2506 244 2527 ‚
267 2489 312 2518 ut
325 2476 482 2535 faciant
503 2473 625 2534 vestes
649 2474 842 2520 Aharom'
854 2477 933 2518 &c.
968 2469 1108 2517 Exod.
1127 2471 1196 2516 28:
1215 2486 1247 2531 3.
1284 2473 1322 2513 E
1326 2485 1342 2513 t
1365 2470 1527 2530 implevi
1542 2483 1639 2511 eum

41 2538 171 2593 Spiritu
183 2543 279 2594 Dei,
305 2548 343 2584 in
350 2540 539 2603 stipientia
556 2547 602 2595 &
614 2541 897 2605 inprudentia,
911 2545 958 2592 (ᾗ
972 2546 1012 2583 in
1026 2543 1132 2585 omni
1144 2552 1267 2600 opere³
1283 2533 1363 2581 sive
1376 2550 1417 2579 re
1431 2530 1633 2578 faciunda.

43 2612 232 2664 (apr3123.

1651 1403 1758 1429 mano·

1424 2666 1462 2711 X
1476 2667 1552 2709 IV.
1590 2663 1648 2708 Et
