2116 2901
281 134 355 184 Dr.
391 140 758 185 SIMPLIClTATE
792 141 836 185 δε
870 141 1303 187 mmmmm-mn
1339 143 1455 187 Der.
1629 157 1715 204 157

0 214 41 278 fr
57 225 215 280 locum
238 221 404 275 habeat3
432 241 520 270 non
542 228 722 287 Logica,
747 241 797 270 ex
819 223 1280 288 genere&differentia‚
1305 226 1512 289 proprie]
1485 223 1540 271 fic
1552 221 1699 278 dietis

0 326 8 335 .
23 327 25 332 .
74 305 146 336 nec
158 289 330 352 Physica,
341 307 391 336 ex
406 291 571 335 materia
584 295 627 336 δε
639 290 789 345 forma,
806 304 875 336 aut
888 291 1067 352 partibus
1080 293 1371 352 quantitativis
1377 307 1446 337 aut
1458 308 1507 337 ex
1520 289 1704 348 subjecto

2 372 25 400 ῑἱ
54 360 117 402 -&
139 353 361 401 accidente·
350 388 362 406 ,
394 372 467 401 nec
478 356 768 419 Metaphyfica,
781 373 831 401 ex
845 358 940 402 actu
952 361 992 401 δε
1007 358 1190 420 potentia
1203 391 1215 412 ,
1240 374 1289 402 ex
1302 354 1462 404 essentia
1474 361 1516 403 δε
1529 355 1704 403 existen-

22 462 23 466 ,
54 422 143 474 nia,
157 434 289 466 aut-ex
301 436 443 467 natura
456 426 498 466 &
514 421 737 484 supposito.

137 489 217 533 IV.
241 487 322 533 Vel
347 485 596 550 simplicius:
621 505 716 535 cum
741 490 783 533 in
811 505 948 533 rerum
962 501 1104 534 natura
1116 486 1218 533 nihil
1229 486 1360 540 detur,
1386 487 1458 534 nifi
1474 487 1707 535 substantiae

71 568 293 611 earumque
317 551 460 606 modi,
492 557 534 598 &
558 570 609 598 ex
631 570 779 599 eorum
803 556 957 599 unione
969 555 1106 599 omnis
1118 556 1274 600 oriatur
1286 553 1564 628 compositio,
1587 557 1706 599 Deus

56 631 219 666 neutro
231 616 408 663 istorum
421 616 651 665 modorum
665 621 949 682 componitur.
984 623 1076 665 Nec
1087 621 1198 664 enim
1211 620 1364 682 plures
1354 637 1396 665 in
1410 623 1507 666 Deo
1520 618 1704 665 substan-

18 720 19 724 ,
55 685 143 733 ‚tias
155 699 306 745 ponere
320 685 425 735 licet,
440 683 512 729 nifi
526 686 618 746 plui
620 702 658 730 es
672 688 786 730 Deos
800 684 961 748 fingasz·
981 701 1053 730 nec
1066 699 1193 747 partes
1206 682 1392 731 diverfae
1382 703 1423 730 m
1438 702 1488 731 eo
1501 682 1704 747 ponendae

58 749 184 801 ‚sunu
220 764 321 793 nam
329 748 408 794 five
422 747 565 796 finitas
568 768 651 804 eas,
668 749 729 796 fiv
721 768 752 795 e
763 750 941 796 infinitas
953 749 1072 804 dicas,
1088 764 1314 810 utrumque
1327 751 1590 813 repugnabit3
1608 752 1707 795 &m

59 813 228 863 ,easdem
240 829 380 876 partes,
398 832 447 859 ex
461 817 611 875 quibus
623 815 852 878 composita
865 815 995 870 foret,
1009 814 1194 861 divinam
1207 813 1409 862 essentiam
1423 817 1567 861 resolvi
1580 813 1707 878 posse,

58 894 197 942 ⁴atque
221 878 322 926 adeo
347 882 656 943 corruptibilem
681 879 755 927 esse
767 916 779 936 ‚
815 883 1086 942 consequetur
1108 897 1117 923 :
1142 898 1276 942 neque
1298 883 1420 938 etiam
1445 880 1564 927 modi
1577 883 1649 927 ulli
1661 884 1705 927 in

73 949 170 993 Deo
194 946 309 995 sunt,
337 963 433 992 cum
460 950 575 992 Deus
598 963 667 1008 per
691 944 897 993 essentiam
909 948 1021 992 suam
1035 944 1441 1008 poffideat&habeat
1452 949 1608 1002 omnia,
1631 946 1703 994 ad-

58 1058 63 1062 ,
74 1028 207 1072 eoque
220 1011 370 1058 modos
382 1013 446 1057 vel
462 1010 817 1058 modificationem
841 1009 1011 1057 efl'entiae
1025 1011 1102 1058 suae
1116 1029 1208 1057 non
1216 1011 1416 1059 admittat.

138 1081 195 1125 V.
230 1081 335 1123 Non
354 1079 463 1123 tollit
474 1093 612 1124 tamen
627 1079 694 1124 illa
707 1077 734 1123 Γ
724 1080 936 1141 mplic1tas
949 1079 1031 1124 Dei
1044 1076 1213 1124 diversas
1224 1079 1437 1124 relationes
1450 1083 1491 1124 ἃ
1504 1079 1702 1142 respectus
1726 1103 1802 1136 No„
1814 1109 1874 1136 m..

9 1199 11 1202 Α
74 1144 114 1189 in
129 1159 190 1194 00,
211 1158 304 1190 tum
316 1144 495 1206 respectu
507 1141 705 1198 hominis,
719 1159 813 1190 tum
827 1144 1005 1206 respe6ffl
1020 1143 1236 1205 suiipsius:
1268 1145 1477 1190 relationes
1488 1147 1598 1190 enim
1613 1161 1700 1191 non
1725 1166 1800 1190 men
1813 1164 1902 1190 eam
1930 1166 1936 1172 ·

72 1208 345 1270 superaddunt
358 1226 511 1255 novam
535 1209 832 1272 perfectionem
855 1206 1065 1265 essentiae,
1094 1208 1163 1260 sed
1171 1208 1457 1256 habitudinem
1469 1224 1632 1256 tantum
1644 1212 1701 1257 es-
1722 1208 1843 1245 tollunt

75 1275 207 1321 sentiae
221 1274 270 1321 ad
283 1277 378 1321 alia
368 1289 608 1338 important.
1721 1278 1757 1300 v
1756 1262 1821 1299 ''i“
1832 1259 1893 1297 di·

61 1400 64 1402 *
139 1345 217 1388 VI.
251 1345 343 1387 Nec
355 1355 552 1404 repugnat
563 1344 598 1387 ei
611 1340 847 1388 distinctio
835 1356 938 1388 mter
950 1339 1153 1389 essentiam
1166 1344 1249 1388 Dei
1262 1344 1305 1388 δε
1316 1359 1421 1402 ejus
1413 1343 1634 1389 attributa·
1640 1341 1705 1388 est
1726 1329 1909 1421 {JJZZW

61 1407 186 1461 *enim
211 1424 254 1452 ea
279 1409 399 1453 solius
411 1409 595 1462 rationis,
621 1424 694 1453 nec
707 1410 871 1470 proprie
882 1410 929 1454 in.
936 1412 1034 1454 Deo
1047 1405 1135 1461 effe,
1165 1408 1229 1453 sed
1242 1411 1398 1454 ratione
1412 1407 1513 1471 fingi
1526 1410 1709 1471 concipi-
1724 1421 1902 1472 s4bfistm-

75 1486 166 1527 tur,
195 1487 242 1519 ut
264 1490 323 1519 res
346 1490 396 1518 eo
420 1472 572 1519 facilius
593 1474 861 1536 intelligatur·
851 1507 862 1526 ,
891 1473 1077 1546 adeoque
1099 1474 1164 1519 illa
1189 1472 1488 1548 simplicitatem
1512 1477 1593 1520 Dei
1618 1490 1705 1518 non
1729 1481 1836 1517 tiam,
1856 1488 1921 1516 aut

62 1540 199 1593 tollit,
214 1556 310 1585 cum
323 1536 482 1585 essentia
496 1541 607 1591 Dei
621 1538 704 1584 fine
716 1540 916 1586 attributis
928 1557 1012 1598 ejus
1024 1556 1074 1584 ne
1086 1542 1245 1603 concipi
1258 1539 1429 1601 quidem
1442 1534 1706 1602 poffit‚adeo-
1727 1532 1917 1581 operamne

74 1621 156 1666 que
169 1622 212 1650 ea
224 1622 309 1650 non
326 1603 633 1656 accidentaliter
638 1603 703 1650 sed
716 1601 964 1651 essentialiter
976 1604 1050 1668 ipsi
1063 1604 1200 1651 insint.
1725 1584 1933 1676 confzpiesvrd&

143 1675 242 1718 VII.
279 1675 369 1717 Nec
392 1673 512 1717 etiarn
536 1671 652 1717 obest
666 1670 745 1734 ipsa
758 1671 1052 1717 attributorum
1067 1669 1578 1718 divinorum÷multitudoz
1603 1686 1701 1718 cum
1724 1644 1854 1681 rasim

77 1737 244 1782 illorum
259 1739 405 1782 omnia
413 1736 625 1783 individua
638 1738 871 1799 complexio
884 1737 1009 1800 ipsam
1021 1735 1568 1800 constituathmplicitatem.

142 1807 265 1849 VIII.
300 1807 453 1864 Neque
465 1820 552 1849 eam
566 1804 677 1849 tollit
688 1802 951 1865 personarum
963 1805 1159 1849 Trinitas:
1176 1820 1271 1849 cum
1286 1806 1396 1848 enim
1411 1807 1525 1848 Deus
1539 1804 1634 1849 actu
1646 1821 1701 1850 ae-

0 1887 1 1890 ’
62 1883 194 1920 ,terno
212 1871 298 1916 talis
310 1868 457 1922 suerit,
481 1883 603 1930 atque
625 1870 714 1931 ipsae
740 1869 817 1914 illae
841 1868 1023 1930 personae
1048 1875 1091 1915 δε
1114 1871 1224 1915 inter
1248 1869 1284 1914 se
1307 1874 1350 1914 δε
1373 1870 1423 1914 ab
1447 1866 1605 1915 essentia
1617 1873 1702 1916 Dei

79 1934 157 1980 lint
181 1936 475 1999 inseparabiles,
502 1933 850 1998 compositionem
874 1939 918 1980 δέ
941 1935 1303 1998 separabilitatem
1293 1951 1336 1980 in
1361 1952 1411 1980 eo
1446 1934 1590 1981 inferre
1614 1952 1702 1981 non

78 1998 255 2064 possunt.

143 2071 164 2113 I
176 2071 227 2113 X
265 2069 464 2113 Actiones
488 2070 569 2113 Dei
592 2084 687 2112 cum
713 2068 1004 2123 immanentes,
1038 2084 1132 2116 tum
1156 2067 1400 2114 transeuntes
1413 2103 1425 2122 ‚
1450 2069 1606 2130 magisa
1590 2069 1638 2113 ab
1651 2084 1701 2113 eo

78 2135 181 2186 sunt,
193 2151 320 2195 quam
334 2136 376 2178 in
391 2150 466 2178 eo:
482 2135 705 2196 speciatim
696 2149 962 2180 immanentes
976 2133 1094 2195 quod
1106 2132 1322 2196 speciatfiid
1335 2151 1434 2194 quas
1447 2133 1609 2179 decreta
1613 2136 1698 2179 Dei

79 2199 329 2254 reseruntur,
353 2216 440 2244 non
466 2200 601 2245 insunt
624 2197 697 2273 ipfi
710 2215 790 2272 per
812 2199 991 2246 modum
1006 2201 1171 2256 alicujus
1192 2201 1440 2254 variationis,
1458 2201 1521 2246 vel
1534 2198 1697 2244 diversae

80 2264 272 2312 modifica
266 2266 422 2320 tionis,
448 2264 513 2311 sed
526 2267 662 2312 Deus
653 2281 694 2309 1n
706 2266 752 2311 iis
764 2267 844 2328 agit
857 2282 926 2328 per
937 2266 1050 2311 suam
1064 2262 1282 2318 estendam,
1296 2281 1364 2327 per
1378 2266 1556 2311 modum
1572 2266 1701 2310 vitalis

81 2333 263 2394 principii
286 2299 602 2384 consideratam,
631 2332 684 2378 ita
696 2345 743 2376 ut
755 2348 809 2376 eae
823 2332 872 2376 ab
883 2333 979 2394 ipso
976 2336 1079 2378 Deo
1093 2348 1179 2376 non
1192 2328 1406 2385 differant,
1433 2334 1505 2392 qui
1519 2347 1642 2375 unico
1656 2335 1698 2375 Sc

82 2412 231 2447 aeterno
258 2399 350 2443 a&u
362 2400 504 2442 omnia
516 2399 681 2459 peragit.
720 2403 977 2460 Qanquam
989 2399 1111 2443 etiam
1125 2396 1427 2461 agnoscendum
1440 2396 1521 2451 est,
1546 2396 1698 2445 modos

81 2461 225 2525 agendi
247 2469 288 2509 &
301 2462 515 2526 operandi
506 2480 553 2508 in
562 2468 660 2510 Deo
673 2459 747 2508 esse
759 2480 902 2508 ornnes
915 2463 1132 2517 infinitos,
1148 2470 1189 2509 ἃ
1202 2462 1295 2508 ideo
1310 2464 1378 2508 sua
1391 2478 1533 2509 natura
1547 2481 1568 2506 a
1581 2463 1700 2507 nobis

82 2528 522 2592 incomprehensibiles,
553 2528 738 2590 adeoque
762 2545 838 2573 nos
861 2529 1088 2591 perfeftum
1111 2544 1355 2591 conceptum
1381 2528 1462 2574 de
1453 2531 1500 2574 iis
1521 2527 1698 2572 formare

84 2609 166 2640 non
191 2592 322 2659 posse:
349 2610 395 2643 ut
408 2594 553 2643 frustra
565 2596 765 2652 laborent,
781 2597 855 2658 qui
871 2594 1122 2643 modosillos
1134 2594 1324 2642 distincte
1338 2596 1561 2658 exprimere
1575 2608 1698 2652 atque

1049 2666 1092 2708 V
1129 2678 1146 2722 3
1598 2674 1697 2703 euo-n
