2287 2891
328 127 401 171 DE
437 127 688 174 omim'ssus
722 130 1027 179 CREATIONxs
1065 147 1120 178 IN
1154 148 1339 183 spuens-0³
1561 156 1641 202 311

33 211 204 261 Retract.
224 210 368 257 l.1.c.1.
381 208 551 257 testatur
551 210 743 270 ftadhuc
753 232 830 259 non
837 214 936 272 ftire
950 235 960 262 τ
976 233 1025 262 an
1039 234 1082 264 ea
1094 231 1144 265 ex
1159 218 1324 267 traduce
1338 220 1400 276 fit,
1414 236 1462 269 ut
1474 225 1645 273 Tertul-

34 281 148 332 liano,
160 277 411 339 Apollinari,
432 278 653 339 multisque
665 278 983 327 occidentalium
997 285 1146 346 placuit
1159 302 1171 337 3
1202 303 1252 331 an
1266 304 1364 333 vero
1377 289 1399 334 a
1414 292 1513 335 Deo
1536 307 1644 338 crte-

35 358 119 398 tur,
144 347 185 388 &
209 343 456 389 nascentibus
479 342 722 399 infirmetur,
750 346 772 391 a
800 363 882 407 qua
894 362 1006 410 parte
1018 351 1110 396 sunt
1120 353 1428 416 Hieronymus,
1441 356 1638 415 Hilarius,

35 407 270 457 Ambrofius
282 443 294 463 ‚
310 407 654 472 Chrysostomus‚
668 411 966 459 Theodoretus
982 449 996 470 ‚
1008 418 1208 479 Cyrinus,
1222 419 1464 475 Bernardus‚
1489 425 1532 467 &
1546 426 1638 469 uni-

35 475 133 521 versa
155 473 296 521 deinde
318 472 664 522 Scholasticorum
677 476 840 524 cohors.
877 486 988 544 Qae
1001 484 1146 544 opinio
1160 486 1374 546 Scripturae
1386 520 1399 540 ‚
1438 492 1481 532 &
1493 489 1635 549 primae

34 542 231 588 creationis
253 538 430 586 historiae
445 574 457 594 ‚
492 555 617 603 atque
640 542 714 606 ipsi
738 546 861 590 etiam
886 549 1035 592 rationi
1060 551 1188 612 magis
1198 553 1403 614 congruit.
1439 554 1511 598 Illa
1523 556 1634 601 enim

35 607 177 652 nullam
202 622 387 667 unquam
412 606 674 654 substantiam
687 612 894 673 generari,
937 610 1020 659 hoc
1031 616 1141 659 enim
1155 614 1278 661 instar
1290 619 1501 663 creationis
1512 618 1632 676 foret,

32 689 161 719 veram
183 688 269 718 earn
283 672 417 717 solum
431 674 641 720 immutari
654 710 667 730 ‚
709 678 890 732 alterari,
925 680 1021 723 &in
1034 683 1290 742 generatione
1303 681 1530 729 substantiae
1543 699 1633 731 tan-

31 751 117 783 turn
131 736 303 783 diversos
315 737 465 783 modos
478 739 650 801 produci
665 740 783 788 dicet.
820 745 911 807 Qi
924 758 1060 790 autem
1074 760 1216 792 contra
1231 749 1383 793 animas
1395 749 1550 796 nostras
1562 767 1632 813 pa-

30 817 183 850 rentum
206 801 385 849 traduces
408 801 483 850 esse
507 805 762 867 existimant,
793 810 885 869 quae
911 810 1102 857 sententia
1127 810 1342 868 Luthero‚
1378 814 1651 878 &discipulis

27 867 116 927 ejus,
145 869 355 931 paucisque
379 871 475 925 aliis,
501 872 688 926 allubuit,
716 876 861 920 animae
887 875 1147 922 nobilitatem
1172 895 1258 924 non
1286 880 1625 941 parumlaedunt;

28 936 138 996 eique
158 933 386 983 facultatem
410 952 454 980 ac
466 939 692 999 potentiam
704 941 895 987 tribuunt
912 975 924 995 ,
959 941 1074 1000 cujus
1084 943 1163 1005 ipsa
1177 942 1251 989 fibi
1285 961 1372 989 non
1385 945 1442 992 est
1454 948 1622 1001 conscia,

30 998 139 1062 quod
162 999 249 1047 fieri
271 1017 356 1046 non
380 1001 537 1065 potest3
566 1019 690 1065 atque
713 1006 1058 1054 inextricabilibus
1087 1023 1214 1071 porro
1227 1008 1533 1060 difficultatibus
1552 1013 1631 1061 sese

32 1066 242 1128 implicant.

88 1135 238 1180 XCIX.
271 1136 362 1179 Nec
385 1150 471 1180 rem
496 1137 724 1198 explicant,
747 1153 845 1183 cum
869 1139 1051 1185 animam
1062 1156 1114 1186 ex
1126 1142 1274 1196 anima,
1288 1143 1414 1188 veluti
1425 1145 1565 1190 lumen
1578 1144 1631 1192 de

31 1197 176 1244 lumine
200 1197 379 1245 diffundi
392 1198 520 1259 ajunt.
554 1206 672 1247 Cum
685 1204 852 1248 enimin
865 1205 1023 1251 lumine
1037 1220 1177 1252 motus
1190 1223 1410 1270 corporeus
1423 1208 1485 1261 fit,
1515 1209 1628 1257 facile

32 1265 178 1327 concipi
201 1264 333 1327 potest
347 1265 571 1326 quomodo
583 1270 788 1330 particulae
799 1268 883 1328 jam
898 1285 1024 1317 motae
1038 1273 1127 1318 alias
1137 1274 1348 1336 impellant
1358 1308 1371 1328 ,
1407 1279 1450 1320 &
1464 1278 1624 1322 moveri

32 1345 72 1374 ac
91 1328 220 1375 ardere
240 1329 383 1377 faciant
407 1348 419 1384 3
454 1331 564 1378 unde
587 1335 663 1378 illae
690 1351 863 1396 quoque
887 1337 1022 1381 lucem
1035 1355 1079 1383 ac
1091 1340 1266 1384 calorem
1279 1339 1483 1402 spargunt.
1516 1345 1623 1388 Non

33 1392 185 1456 poss'unt
207 1411 341 1443 autem
366 1395 451 1443 haec
475 1400 518 1443 in
544 1401 702 1454 anima,
737 1417 831 1461 quae
846 1400 1062 1448 substantia
1074 1404 1284 1465 spiritualis
1295 1404 1366 1457 est,
1396 1407 1537 1452 locum
1550 1406 1624 1452 ha-

30 1459 124 1506 bere.
158 1464 306 1523 Neque
330 1464 464 1508 minus
477 1461 611 1509 homo
624 1463 843 1511 hominem
854 1482 1016 1529 generat
1028 1501 1041 1522 ‚
1075 1468 1146 1516 etsi
1159 1472 1339 1516 animam
1351 1487 1439 1516 non
1450 1486 1623 1534 generet.

31 1524 240 1572 Generatio
263 1531 372 1574 enim
397 1528 446 1575 ad
460 1543 599 1576 totum
613 1529 829 1578 hominem
853 1531 1051 1588 refertur,
1086 1549 1210 1596 atque
1223 1534 1273 1582 ad
1285 1553 1371 1582 eam
1387 1536 1551 1592 sufficit,
1576 1553 1626 1583 ut

33 1594 183 1637 materia
205 1608 293 1656 apte
314 1593 550 1657 disponatur
562 1601 604 1641 δι
616 1598 877 1653 immutetur,
891 1612 937 1644 ut
949 1600 1006 1644 illi
1018 1602 1153 1646 anima
1164 1603 1403 1648 extrinsecus
1416 1604 1437 1648 a
1449 1607 1547 1652 Deo
1558 1605 1624 1648 in-

32 1654 138 1703 fundi
149 1673 268 1720 atque
281 1663 387 1705 uniri
400 1659 534 1723 poffit.
574 1662 815 1726 Qomodo
827 1681 927 1710 vero
943 1668 1091 1727 peccati
1103 1668 1307 1730 originalis
1320 1671 1557 1731 propagatio
1571 1667 1624 1714 fi-

4 1716 5 1721 ’
31 1735 76 1766 ne
85 1719 153 1769 hac
164 1721 377 1787 hypothefi
391 1725 551 1773 defendi
565 1742 689 1789 atque
701 1731 890 1792 explicari
903 1728 1118 1793 poffit,suo
1131 1732 1226 1778 loco
1240 1731 1482 1779 videbimus.

87 1791 138 1834 C.
170 1792 277 1836 Sicut
303 1806 438 1838 autem
461 1794 516 1839 ita
534 1802 658 1847 ’ἔξωθεν
684 1793 834 1840 accedit
854 1796 1015 1852 anima,
1050 1799 1118 1852 ita,
1143 1813 1268 1861 rupto
1294 1801 1476 1861 corporis
1499 1815 1617 1845 com·
1636 1809 1780 1860 adeoque

31 1855 183 1909 merci0‚
206 1857 255 1901 ab
276 1857 425 1904 eodem
449 1861 581 1904 rursus
602 1860 824 1922 separabilis
846 1875 969 1922 atque
980 1867 1222 1909 immortalis
1233 1863 1305 1910 est.
1339 1867 1438 1911 Hoc
1450 1867 1559 1910 enim
1573 1871 1615 1911 &
1635 1866 1818 1903 immorta-

31 1918 158 1992 primae
171 1924 376 1970 creationis
388 1922 476 1984 ejus
489 1923 672 1980 historia,
684 1930 727 1971 δε
739 1929 858 1982 rati0‚
871 1932 913 1973 ὅ(
927 1930 1130 1992 Scriptura
1142 1928 1322 1991 denique
1337 1928 1614 1993 potentissime
1634 1919 1669 1957 μ’
1682 1919 1732 1967 ‘st'

30 1998 217 2033 evincunt.

89 2053 159 2097 CI.
192 2054 284 2098 Sola
304 2056 414 2100 enirn
438 2057 522 2103 Dei
546 2057 707 2104 actione
730 2075 774 2104 ac
785 2060 1043 2122 inspiratione
1053 2074 1181 2106 creata
1194 2060 1253 2107 est
1265 2063 1414 2116 anima,
1440 2061 1524 2107 fine
1536 2064 1614 2107 ulla
1628 2070 1718 2123 quod
1732 2070 1822 2109 docet
1854 2113 1863 2121 x
1891 2096 1932 2119 ⁷-·.
1960 2086 1980 2105 .-’
2009 2103 2016 2111 .
2039 2091 2054 2103 ³

32 2118 181 2162 materia
201 2119 462 2181 praecedente‚
498 2123 521 2167 a
543 2122 659 2182 cujus
681 2138 852 2188 contage
875 2126 997 2172 libera
1021 2128 1185 2188 corpori
1205 2126 1289 2186 jam
1303 2127 1474 2174 condito
1486 2127 1614 2173 infusa
1627 2127 1761 2189 histor-ia
1776 2182 1782 2187 ,

33 2177 96 2225 est.
125 2183 254 2230 Unde
273 2185 477 2233 existentia
500 2204 544 2234 ac
567 2202 710 2234 natura
722 2189 807 2248 ejus
819 2192 840 2236 a
853 2207 1025 2255 corpore
1036 2190 1228 2237 distincta
1239 2191 1450 2238 clarissime
1463 2194 1613 2240 evinci-
1625 2187 1796 2243 meamne

34 2256 105 2290 tur.
138 2248 256 2295 Adeo
268 2265 315 2297 ut
325 2250 354 2297 fi
368 2270 450 2313 qua
461 2255 497 2298 ei
509 2256 745 2301 conveniret
756 2272 870 2302 mors
880 2290 892 2311 ‚
920 2274 966 2303 ea
979 2256 1167 2320 simplicis
1179 2256 1285 2305 foret
1298 2257 1611 2305 annihilationis.
1627 2247 1760 2282 “mm‘’

34 2312 136 2357 Cum
146 2329 273 2361 autem
285 2320 439 2363 nullam
451 2320 493 2364 in
507 2320 689 2366 universa
702 2337 839 2367 rerum
852 2336 995 2368 natura
1008 2323 1269 2369 substantiam
1284 2326 1411 2387 perire
1425 2326 1487 2369 vel
1501 2326 1616 2369 anni-

32 2370 134 2445 llilari
156 2379 357 2428 videamus
370 2418 382 2438 ‚
417 2397 552 2446 neque
576 2386 703 2431 ullam
732 2386 819 2446 ejus
830 2390 885 2432 rei
897 2387 1030 2434 ideam
1044 2387 1261 2435 habeamus
1273 2405 1285 2442 3
1324 2404 1464 2435 contra
1478 2404 1617 2435 autem

31 2445 133 2496 ‘Juxta
153 2459 297 2493 naturae
309 2449 409 2510 leges
421 2451 760 2513 unumquodque
783 2455 826 2498 in
838 2454 911 2500 suo
924 2453 1030 2500 statu
1056 2469 1215 2500 maneat
1228 2488 1240 2509 ,
1276 2453 1407 2500 donec
1420 2457 1441 2500 a
1454 2454 1616 2500 fortiori

32 2503 114 2551 inde
133 2506 382 2566 deturbetur3
412 2518 544 2562 anima
571 2531 707 2563 autem
722 2517 806 2577 ejus
820 2534 973 2566 naturae
987 2518 1050 2574 fit,
1066 2534 1112 2565 ut
1124 2518 1286 2565 aliunde
1298 2519 1447 2565 destrui
1461 2523 1523 2566 vel
1536 2523 1616 2565 im-

31 2574 163 2619 mutari
173 2591 255 2622 non
267 2577 410 2642 poffit3
427 2596 533 2645 patet
545 2600 597 2630 ex
612 2584 699 2647 ipso
716 2598 873 2634 naturae
887 2585 1033 2634 ordine
1045 2620 1057 2638 ‚
1086 2601 1175 2648 quo
1188 2589 1304 2632 Deus
1315 2587 1441 2632 veluti
1454 2583 1618 2633 certiffi-

1554 2668 1624 2698 rna

2281 2323 2285 2336 Ι

2282 2389 2287 2419 3

2280 2427 2287 2483 ἒ
