2282 3088
291 1140 466 1205 &4²5³ss

180 1235 187 1246 ,
315 1204 402 1255 ΕΤ,
438 1244 444 1249 ,

328 344 432 386 neque
443 345 498 372 et-

323 391 395 426 ium
414 389 516 428 alias.

2238 100 2274 121 :va

2244 122 2276 135 „⁴

542 206 601 252 42
927 185 1768 233 Liss.I.CA1³v'rVII.

546 287 665 329 vum,
680 274 880 321 nimirum
892 271 1139 320 Chaldaeum
1152 305 1164 326 ‚
1180 287 1270 332 quo
1281 276 1325 317 &
1337 268 1463 316 hodie
1475 271 1635 316 utimur
1647 305 1659 325 ‚
1676 267 1924 316 introduxit.
1993 279 2018 291 ·“

612 344 692 387 III.
718 340 834 386 Male
859 341 981 384 etiarn
995 335 1205 383 Pontificii
1214 371 1228 392 ‚
1261 337 1467 383 Sociniani
1478 370 1491 390 ,
1519 340 1562 381 <Sc
1574 337 1639 382 alii
1653 334 1825 397 quidam
1838 335 1964 380 libros
1976 334 2182 397 quosdam

545 421 595 450 ex
611 411 707 453 Vet.
720 409 777 453 T.
791 401 942 469 periisse
955 403 1138 449 statuunt
1153 422 1162 449 :
1176 401 1296 464 quod
1308 415 1506 465 repugnat
1520 416 1612 448 tum
1627 404 1724 456 Dei,
1738 400 1940 464 praecipue
1957 401 2179 451 Ecclefiam

543 470 658 517 suam
684 474 726 517 in
750 469 912 517 mundo
937 471 1132 524 curantis,
1166 466 1434 531 providentiae
1455 483 1467 519 ;
1491 482 1584 513 tum
1599 467 1721 531 ipfius
1731 465 1917 513 Ecclefiae
1931 468 2175 528 vigilantiae3

541 533 720 597 denique
731 539 855 583 etiam
867 534 1024 582 Christi
1041 531 1313 598 promiffioni.
1357 533 1498 596 vstlue
1515 535 1615 580 dum
1637 539 1867 597 praeterierit
1880 534 2022 579 coelum
2035 541 2082 588 (ῤ’
2098 550 2182 581 ter-

498 607 500 609 ’
541 619 605 655 ra,
620 621 667 647 ne
671 606 764 664 jota
778 621 908 648 unum
921 617 998 647 aut
1009 619 1116 646 unus
1127 617 1229 664 apex
1241 617 1503 662 nequaquam
1510 607 1742 662 praeterierit
1755 617 1806 644 ex
1820 601 1899 661 lege
1911 633 1922 653 ‚
1941 598 2065 662 ithae
2076 601 2178 649 dum

316 873 415 924 Qid
422 874 494 921 sta-

317 931 484 967 tuendum

315 983 360 1020 de
370 982 475 1022 libris.

317 1040 378 1088 qui
394 1037 513 1076 dicun-

315 1104 376 1130 tur
396 1092 512 1139 deper-

541 670 974 728 omniafaffafuerint.
1007 664 1164 712 Matth.
1195 682 1232 725 5:
1261 666 1322 714 18.
1359 665 1452 711 Ubi
1465 664 1570 710 dum
1586 667 1650 710 vel
1664 666 1854 710 minimas
1865 662 2179 726 prophetiarum

541 748 585 776 ac
607 733 701 795 legis
723 732 1039 779 circumstantias
1062 730 1285 794 implendas
1309 729 1396 776 fore
1423 726 1900 793 pronunciat‚neceffario
1911 733 2034 778 etiam
2049 734 2174 780 mini-

543 813 707 843 marum
721 798 804 858 ejus
815 799 1102 861 particularum
1117 802 1159 842 &
1172 799 1334 860 apicum
1347 796 1694 842 constrvationcm
1710 797 1937 858 pollicetur.

610 868 629 908 I
643 868 698 910 V.
734 863 807 910 Ad
833 861 1090 926 intelligenda
1102 877 1238 908 autem
1252 879 1345 924 quae
1359 861 1562 925 speciatim
1577 861 1833 920 objiciuntur
1844 859 1895 907 de
1906 862 2017 909 libris
2029 860 2174 928 deper-

541 925 659 983 ditis,
683 928 930 975 observanda
953 931 1045 976 sunt
1068 929 1283 989 sequentia.
1322 945 1353 973 1.
1392 929 1529 973 omnis
1543 945 1635 988 quae
1651 926 1716 972 hic
1733 941 1928 974 movetur
1938 926 2173 988 difficultas,

539 1009 734 1040 movetur
757 996 859 1040 circa
872 998 951 1041 Scri
957 1009 1085 1057 pturae
1100 1008 1228 1056 partes
1240 992 1436 1053 quasdam
1450 991 1648 1040 duntaxat
1663 1027 1674 1047 ‚
1702 995 1861 1056 integro
1875 994 1959 1052 ejus
1971 1010 2142 1058 corpore
2156 1017 2170 1045 t

533 1057 617 1116 jam
632 1077 729 1105 vero
743 1063 864 1123 partis
888 1063 951 1107 vel
962 1061 1053 1105 libri
1067 1059 1231 1117 alicujus
1243 1058 1424 1104 defectus
1449 1075 1536 1103 non
1549 1060 1713 1105 inferret
1728 1058 1936 1106 defectum
1951 1059 2073 1123 ipsius
2087 1061 2172 1108 do-

535 1125 689 1171 &rinae.
727 1144 764 1171 2.
792 1130 896 1172 Non
921 1128 1061 1171 omnia
1085 1124 1222 1171 divina
1247 1125 1338 1170 sum
1362 1142 1455 1185 quae
1481 1126 1522 1169 in
1550 1127 1754 1187 Scriptura
1779 1127 1954 1173 citantur
1967 1161 1979 1181 ‚
2014 1146 2110 1175 cum
2125 1133 2169 1178 in

490 1202 578 1255 sea
602 1187 758 1236 nsentio
783 1190 854 1237 fiat
877 1197 1103 1238 Poetarum
1129 1208 1140 1242 3
1180 1206 1226 1237 ut
1251 1192 1349 1236 Αᾶ.
1374 1208 1448 1251 17'·
1471 1192 1540 1237 28.
1564 1196 1606 1236 &
1630 1193 1672 1236 in
1697 1192 1769 1236 illo
1794 1193 1934 1238 Pauli:
1961 1213 2087 1241 mores
2100 1196 2170 1242 bo-

438 1252 441 1255 ’
534 1274 601 1301 nos
626 1267 856 1303 commercia
881 1273 1141 1320 corrumpunt
1154 1259 1277 1304 mala.
1318 1273 1353 1301 1.
1368 1259 1472 1302 Cor.
1492 1272 1554 1315 15:
1573 1274 1630 1318 33.
1666 1262 1709 1302 &
1733 1255 1784 1302 de
1796 1258 2056 1306 Cretensium
2068 1278 2171 1325 pro..

535 1319 689 1383 phetis‚
715 1325 788 1383 qui
811 1324 1017 1370 Cretenses
1041 1323 1133 1368 suos
1160 1336 1309 1368 vocant
1321 1323 1528 1367 mendaces
1542 1357 1553 1376 ,
1567 1324 1830 1383 malasferas,
1852 1341 2012 1371 ventres
2016 1343 2163 1392 ptgros.

536 1389 627 1434 Tit.
646 1406 681 1433 1:
702 1406 764 1434 12.
804 1406 838 1450 3.
863 1393 967 1434 Non
991 1390 1131 1434 omnia
1155 1389 1294 1451 scripta
1306 1387 1470 1433 fuerunt
1506 1406 1598 1449 quae
1612 1391 1815 1440 citantur;
1843 1404 1889 1435 ut
1902 1394 2055 1456 EX.gr.
2070 1411 2170 1457 pro..

535 1450 669 1515 phetia
681 1453 858 1501 Enochi.
877 1453 979 1518 Jud.
993 1471 1150 1506 comm.
1166 1471 1228 1515 14.
1261 1471 1304 1515 4.
1330 1452 1631 1517 Distinguenda
1656 1455 1748 1501 sunt
1758 1455 1899 1517 scripta
1911 1459 2088 1519 politica,
2101 1462 2167 1510 {eu

535 1519 624 1563 asta
647 1518 818 1565 forensia
855 1555 868 1575 ‚
914 1535 982 1566 aut
1007 1519 1284 1583 philosophica
1311 1553 1323 1573 ,
1348 1520 1370 1564 31
1395 1519 1545 1582 scriptis
1566 1518 1727 1566 divinis.
1768 1524 1837 1568 Ut
1862 1522 1980 1582 quod
2017 1524 2168 1575 dicitur

536 1582 587 1628 de
622 1584 720 1630 libro
755 1588 858 1631 reffbi.
925 1587 1014 1650 Jos.
1045 1603 1120 1632 10:
1152 1604 1210 1648 13.
1268 1591 1311 1631 ἅτ
1358 1602 1396 1631 2.
1422 1589 1530 1631 Sam.
1561 1603 1607 1632 1:
1636 1587 1698 1633 18.
1745 1585 1796 1632 de
1841 1589 2070 1638 Salomonis
2106 1610 2168 1641 ter

537 1652 642 1693 mille
657 1651 862 1707 ftntemiz's
886 1686 898 1706 ‚
935 1659 983 1706 (ἅν
1018 1653 1065 1697 de
1088 1644 1348 1714 canticifej‘us
1372 1659 1550 1714 quinque
1550 1652 1679 1716 sitpra
1704 1655 1822 1698 mille.
1866 1672 1900 1700 1.
1915 1658 2023 1718 Reg.
2039 1674 2083 1718 4:
2101 1676 2168 1722 32,

537 1712 588 1759 de
614 1715 723 1761 ltbris
750 1717 1034 1764 chronicorum
1047 1723 1201 1781 Regum
1225 1719 1397 1775 Israelis.
1442 1733 1506 1777 14:
1539 1735 1602 1774 19.
1628 1733 1692 1777 15:
1709 1737 1751 1780 7,
1769 1735 1831 1779 31.
1858 1720 1971 1771 conf.
2001 1739 2032 1769 1.
2048 1727 2160 1790 Reg.

541 1797 607 1825 11:
632 1797 701 1841 41.
749 1783 820 1827 ubi
845 1783 934 1828 libri
959 1802 1095 1830 rerum
1119 1786 1354 1829 Salomonis.
1393 1786 1436 1827 &
1462 1800 1500 1828 2.
1516 1781 1680 1829 Chron.
1697 1801 1757 1845 33:
1774 1802 1834 1841 19.
1865 1787 1936 1831 ubi
1948 1789 2168 1839 verborum

529 1846 696 1894 Chozas'
718 1850 877 1894 mentio
891 1848 953 1895 fit.
1005 1866 1040 1909 5.
1076 1849 1341 1897 Vocabulum
1375 1848 1447 1899 ²3⁶?
1481 1865 1568 1894 non
1594 1851 1747 1913 semper
1760 1865 1876 1898 notat
1888 1853 2070 1910 librum,
2100 1857 2168 1907 sed

537 1911 701 1958 brevem
715 1913 937 1975 aliquando
950 1917 1184 1977 catalogum
1207 1949 1219 1969 ‚
1246 1915 1311 1960 seu
1325 1913 1564 1961 formulam.
1600 1919 1735 1961 Num.
1754 1933 1821 1962 21:
1843 1934 1911 1978 14,
1932 1936 2073 1983 17‚27.

602 1983 657 2025 V.
695 1982 735 2024 6.
759 1982 979 2042 Scriptores
1001 1981 1094 2026 sacri
1107 1982 1179 2026 alia
1191 1980 1424 2043 scripserunt
1449 1994 1496 2026 ut
1522 1979 1711 2027 homines
1727 1981 1932 2042 ‚hzstormi
1944 1985 2168 2049 diltgentid,

536 2044 633 2099 alia,
660 2059 707 2090 ut
730 2044 938 2109 prophetae
953 2081 965 2101 ‚
989 2049 1235 2109 inspiratione
1258 2046 1424 2091 dammi:
1452 2048 1587 2108 priora
1613 2063 1701 2092 non
1725 2046 1817 2093 sunt
1843 2051 1972 2113 magis
2010 2050 2166 2108 divina,

536 2125 664 2169 quam
688 2128 832 2157 omma
855 2146 867 2166 ‚
904 2129 997 2173 quae
1023 2114 1215 2174 privatim
1241 2112 1457 2158 conscribit
1481 2113 1661 2158 notarius
1687 2146 1700 2167 ‚
1725 2111 1953 2160 authentica
1977 2116 2082 2165 sunt.
2118 2138 2163 2183 7.
2214 2173 2220 2176 ,

536 2178 627 2221 Nec
654 2178 776 2222 etiam
800 2176 1004 2239 quicquid
1028 2175 1169 2222 divin&
1193 2177 1453 2240 inspiratione
1464 2177 1726 2240 scripserunt,
1761 2180 1803 2223 in
1817 2195 2016 2226 canonem
2029 2183 2167 2232 referri

537 2243 670 2287 voluit
694 2246 836 2288 Deus.v
859 2245 922 2297 Sic
937 2241 1133 2305 Apostoli
1147 2244 1290 2306 procul
1302 2243 1434 2289 dubio
1447 2244 1578 2306 plures
1613 2242 1797 2306 epistolas
1810 2243 1859 2290 ad
1873 2243 2053 2293 diversos
2062 2247 2169 2296 fide-

537 2307 612 2361 les,
640 2309 703 2353 vel
727 2310 905 2372 integros
927 2323 1060 2354 coetus
1075 2342 1088 2362 ‚
1115 2308 1456 2371 conscripserunt3
1472 2306 1537 2354 sed
1550 2325 1663 2369 quas,
1691 2311 1788 2369 quia
1799 2308 1850 2355 de
1862 2312 1983 2357 rebus
1996 2315 2167 2373 quibus-

537 2371 633 2418 dam
646 2375 950 2435 particularibus
963 2374 1067 2420 {brte
1080 2387 1240 2436 agerent
1251 2408 1263 2428 ‚
1279 2390 1366 2419 non
1385 2374 1464 2420 fuit
1476 2374 1711 2420 consultum
1727 2373 1927 2438 divulgari
1940 2393 2010 2440 per
2021 2395 2169 2430 ornnes

536 2438 739 2484 Ecclesias.
779 2438 856 2485 Sed
879 2445 921 2485 δε
944 2441 1080 2485 noluit
1104 2442 1220 2485 Deus
1242 2439 1468 2486 immodice
1492 2439 1697 2485 librorum
1722 2441 1834 2486 mole
1857 2445 2012 2505 gravari
2025 2448 2166 2492 Eccle-

537 2502 649 2549 fiam.
687 2508 788 2549 Non
812 2504 925 2550 enim¹
942 2525 988 2552 ea
1013 2523 1140 2568 neque
1165 2508 1341 2550 mundus
1353 2506 1414 2551 hic
1426 2506 1499 2568 ipſs’
1502 2506 1672 2566 ferendo
1684 2506 1782 2567 effet,
1795 2508 1842 2567 fi
1849 2516 1980 2554 omnia
1978 2511 2166 2574 singula.

537 2578 612 2614 tim
628 2575 843 2633 perscrzpta
858 2573 1012 2631 forent.
1042 2568 1144 2635 Joh.
1162 2587 1222 2616 21:
1240 2585 1306 2628 25.
1337 2574 1483 2631 Atque
1506 2569 1601 2618 ideo
1627 2586 1715 2618 non
1727 2573 2168 2624 omniaitsanetisviris

519 2635 605 2696 *scri
608 2650 678 2700 pta
693 2650 841 2689 extare,
855 2637 919 2684 vel
929 2639 972 2686 in
995 2652 1194 2687 canonem
1208 2634 1346 2702 referri
1357 2636 1510 2702 voluit3

1911 2707 1992 2755 v1.
2019 2706 2164 2758 &Ve-
