2116 2901
441 166 489 211 32
863 143 1623 193 L1B.1.CA1›u-rv.

444 232 596 295 ‘Jacobo
616 268 629 285 ‚
650 232 813 293 statuta
826 232 906 290 fita
930 238 977 285 &⁴
998 230 1096 292 jura
1101 229 1179 288 fita
1203 229 1354 287 Ifi‘ab'li.
1376 227 1474 272 Psal.
1486 242 1579 288 147:
1598 241 1666 284 19.
1687 227 1745 272 Et
1760 226 1907 289 prodiit
1928 232 2043 277 Sione
2063 229 2069 233 ’

437 286 636 349 ’σιὀἑῗνὶηιι,
677 305 724 351 &2
747 297 917 343 verbum
945 297 1108 359 ‘Jehovae
1129 295 1397 357 Jerofhlymis.
1432 292 1535 337 Esai.
1563 309 1601 336 2:
1632 308 1666 351 3.
1690 295 1747 337 Et
1760 291 1874 349 fizlus
1886 311 1937 338 ex
1947 293 2040 356 Ju-

437 362 521 408 daet's
538 364 601 421 est.
631 361 844 423 loll-4:22·
860 352 982 425 atqite
994 364 1063 406 illis
1074 359 1395 416 conc-rectitafimt
1406 360 1562 418 eloquia
1575 356 1756 418 Jehovae.
1792 359 1928 405 Rom.
1947 375 1982 419 3.-
1998 377 2037 407 2.

436 428 542 472 Non
553 420 686 473 tamen
700 428 978 481 velMoses‚vel
988 423 1198 488 Prophetae
1212 425 1262 469 ab
1273 441 1316 468 ea
1327 423 1609 468 auctoritatem
1621 421 1732 466 suam
1745 424 1921 468 mutuati
1932 424 2040 480 sunt,

435 505 506 537 aut
527 493 666 554 scripta
688 492 754 537 sua
777 491 999 537 hominum
1023 492 1258 550 aliquorum
1284 489 1325 532 in
1350 486 1536 533 cathedra
1558 484 1779 531 sedentium
1792 485 1946 546 judicio
1968 504 2039 536 aut
2063 549 2066 551 Α

435 557 625 601 tribunali
647 557 922 615 subjecerunt,
949 557 1022 616 qui
1045 572 1087 600 ea
1112 556 1220 616 prius
1242 552 1380 598 divina
1403 551 1643 597 declararent
1669 570 1679 595 :
1705 549 1787 596 sme
1809 553 2040 601 interventu
2059 562 2062 568 '

433 621 544 665 enim
569 619 756 666 humanae
780 622 1028 666 auctoritatis
1051 618 1198 664 dicitur
1212 653 1223 672 ‚
1247 625 1317 680 qui
1329 619 1444 675 Most
1453 616 1709 669 crediderint,
1733 615 1893 663 credent
1914 626 2038 665 etiam

432 682 603 731 Christo
616 720 628 740 ‚
655 704 752 731 nam
774 686 913 732 Moses
934 687 980 730 de
1003 687 1061 730 illo
1073 686 1133 744 fic
1135 683 1294 747 scripsit.
1330 681 1757 746 Qodfisurzptisz'llius
1777 700 1854 725 non
1866 684 2037 729 credide-

431 757 540 803 rint,
564 752 754 812 quomodo
775 751 905 796 verbis
927 753 1026 795 illius
1051 751 1206 809 credent
1220 756 1240 794 ?
1269 745 1372 811 Joh.
1390 756 1512 807 5:46,
1535 762 1607 807 47.
1635 744 1712 791 Sed
1735 747 1925 793 &invitis
1936 749 2035 812 saepe

431 814 616 861 Ecclefiae
630 814 870 860 doctoribus
882 833 924 860 ea
937 815 1202 877 publicarunt.
1233 814 1319 878 Jer.
1337 814 1406 860 28:
1425 813 1464 857 8.
1478 816 1520 856 δε
1531 811 1640 871 seqq.

496 882 535 923 X
551 884 591 926 V
607 884 674 925 II.
709 885 758 925 In
783 878 953 926 Ecclesia
978 892 1111 924 autem
1139 882 1257 924 Novi
1268 877 1384 923 Test.
1397 878 1524 922 trium
1537 875 1775 921 saeculorum
1788 877 1912 939 spatio
1925 881 2036 926 nulla

427 943 613 990 Ecclesiae
637 942 919 990 determinatio
932 943 982 989 de
993 945 1104 990 sacris
1115 944 1224 988 libris
1236 943 1313 988 fiiit
1323 942 1437 988 facta.
1482 942 1670 987 Primum
1683 958 1780 987 vero
1793 945 2034 991 Concilium

428 1007 548 1066 quod
559 1010 761 1054 librorum
774 1025 970 1054 canonem
984 1009 1156 1055 confecit
1168 1043 1180 1063 ‚
1195 1008 1272 1054 fuit
1285 1007 1568 1053 Laodiccnum
1578 1026 1593 1050 .-
1618 1004 1726 1050 istud
1740 1021 1875 1053 autem
1888 1011 2047 1055 aucto--
2065 1021 2077 1060 '.
2104 1017 2110 1024 “

425 1074 586 1118 ritatem
599 1072 780 1119 divinam
792 1073 872 1119 istis
884 1075 993 1119 libris
1006 1091 1092 1119 non
1105 1075 1291 1123 contulit,
1307 1074 1370 1118 vel
1382 1072 1623 1122 conciliavit,
1633 1069 1697 1116 sed
1711 1088 1779 1116 eos
1790 1072 1914 1118 libros
1929 1075 2031 1121 sem..
2076 1077 2080 1082 ’

422 1151 495 1198 per
507 1139 528 1182 a
542 1136 727 1184 fidelibus
739 1156 814 1202 pro
827 1138 971 1185 divinis
982 1138 1142 1186 habitos
1166 1135 1278 1183 fuiffe
1290 1137 1438 1183 docens
1449 1142 1491 1181 &
1505 1137 2029 1199 praesupponens‚can0nem

422 1205 467 1246 &
491 1204 720 1266 catalogum
743 1221 889 1250 eorum
912 1204 1045 1249 solum
1067 1204 1178 1250 dedit
1187 1239 1198 1254 ,
1231 1200 1657 1263 eumque'testimonio
1670 1203 1742 1246 suo
1755 1201 2030 1253 confirmavit.

421 1268 479 1312 Et
501 1284 597 1312 cum
619 1270 782 1314 nullum
805 1286 977 1330 quoque
1001 1269 1108 1314 aliud
1120 1269 1240 1329 hujus
1252 1269 1411 1313 concilii
1423 1268 1601 1329 potuerit
1612 1266 1685 1312 esle
1697 1265 2028 1326 fundamentum,

420 1348 550 1391 quam
573 1334 652 1395 ipsa
673 1332 826 1379 horum
849 1335 1053 1379 librorum
1076 1337 1229 1381 interna
1253 1335 1468 1378 auctoritas
1491 1337 1532 1377 &
1557 1331 1774 1377 divinitatis
1786 1347 1895 1379 notae
1906 1368 1919 1388 ‚
1946 1333 2029 1382 hoc

418 1395 565 1442 eodem
578 1415 749 1460 quoque
759 1398 1028 1445 fundamento
1042 1398 1220 1445 fimiliter
1243 1398 1499 1461 singulorum
1512 1395 1843 1442 Christianorum
1856 1397 1956 1446 fides
1966 1403 2034 1447 ni·

417 1474 539 1516 tetur,
553 1479 637 1507 non
650 1478 784 1509 autem
797 1463 980 1510 Ecclefiae
994 1466 1055 1509 vel
1068 1467 1237 1509 nomine
1249 1499 1261 1518 ‚
1275 1465 1338 1509 vel
1351 1465 1602 1509 auctoritate.

481 1529 521 1572 X
534 1533 576 1575 V
588 1533 608 1573 I
621 1532 641 1573 I
656 1533 689 1574 I.
724 1531 1027 1574 Auctoritatem
1040 1546 1136 1592 ergo
1148 1545 1302 1576 tantam
1315 1527 1498 1574 Ecclesiae
1512 1531 1719 1574 Romanae
1733 1561 1746 1582 ‚
1759 1530 1821 1572 vel
1833 1529 1937 1575 illius
1947 1529 2027 1576 do.

414 1591 597 1638 &oribus
610 1628 622 1647 ‚
646 1596 710 1639 vel
722 1599 838 1657 Papae
849 1628 861 1647 ‚
895 1596 995 1639 velle
1007 1596 1182 1641 tribuere
1194 1628 1206 1649 ‚
1234 1612 1326 1655 quae
1340 1610 1389 1638 ne
1401 1591 1569 1653 quidem
1584 1593 1655 1637 ulli
1667 1592 1832 1638 ecclefiae
1846 1596 2026 1656 antiquae

414 1660 607 1703 convenit
619 1692 631 1712 ‚
654 1657 756 1704 nihil
778 1657 886 1705 aliud
909 1659 965 1704 est
979 1694 991 1713 ‚
1016 1677 1143 1721 quam
1154 1659 1411 1705 introducere
1423 1656 1588 1704 bestiam
1601 1662 1640 1704 A
1644 1659 1941 1722 pocalypticam
1953 1695 1967 1716 ,
1980 1666 2025 1707 &

412 1722 632 1785 imaginem
645 1723 778 1770 bestiae
792 1725 929 1778 facere,
941 1742 1113 1786 eamque
1124 1724 1299 1771 adorare.
1329 1728 1464 1786 Apoc.
1484 1741 1499 1768 1
1509 1740 1543 1779 ζ.

197 1786 374 1841 Αάυὲνβ-
479 1790 519 1830 X
534 1793 554 1833 I
566 1791 619 1834 X.
654 1789 874 1849 Objiciunt
899 1788 1118 1835 adversarii.
1161 1808 1195 1836 1.
1221 1793 1468 1852 Scripturam
1492 1789 1629 1833 saltem
1654 1788 1814 1851 seipsam
1842 1793 1884 1835 &
1910 1791 2022 1838 suam
2065 1848 2070 1852 ¹

195 1858 324 1909 ''QZ'’
412 1854 694 1900 auetoritatem
719 1872 805 1899 non
831 1852 940 1918 posse
962 1856 1132 1917 probare
1146 1890 1158 1909 ,
1184 1872 1256 1900 nec
1268 1854 1317 1900 de
1329 1854 1444 1917 seipsa
1455 1851 1586 1899 testari
1600 1886 1612 1906 ,
1637 1869 1708 1898 nec
1732 1856 2024 1904 controversias

193 1897 379 1950 ‘'blm“m‘*
409 1936 502 1979 quae
525 1918 575 1964 de
587 1921 668 1982 ipsa
681 1923 881 1981 agitantur
903 1920 1020 1965 finire
1032 1955 1045 1975 ,
1069 1919 1251 1980 adeoque
1263 1918 1313 1966 ad
1325 1921 1568 1981 superiorem
1580 1917 1788 1978 quandam
1800 1922 2019 1967 auctorita-

408 1998 492 2030 tem
517 1984 854 2048 confugiendum,
873 1988 1070 2031 nimirum
1083 1985 1281 2031 Ecclefiae.
1317 1982 1392 2031 Sed
1414 1983 1496 2042 jam
1509 1981 1760 2029 ostendimus
1772 1987 2018 2048 Scripturam

407 2051 613 2095 continere
622 2052 663 2095 in
677 2050 749 2095 sese
760 2065 875 2096 notas
886 2056 927 2096 δέ
940 2050 1179 2096 ςίῑατειξὶεῐεε
1190 2050 1408 2096 divinitatis
1420 2049 1512 2101 suae,
1537 2054 1579 2094 δε
1591 2047 1794 2096 coelestem
1808 2050 2015 2110 quandam

407 2114 540 2160 lucem
554 2116 728 2177 spargere
740 2149 752 2169 ,
766 2132 938 2178 eamque
950 2118 1076 2161 oculis
1088 2118 1335 2162 intuentium
1347 2112 1495 2159 offerre
1508 2148 1519 2168 ‚
1531 2131 1580 2159 ex
1593 2131 1673 2174 qua
1685 2116 1874 2177 cognoscet
1886 2114 2020 2163 fidelis*
2111 2140 2113 2180 χ

406 2181 455 2225 de
477 2180 656 2226 doflrt'nd
681 2180 823 2241 Christi
836 2215 848 2235 ‚
873 2183 982 2245 quod
1000 2200 1049 2226 ex
1061 2187 1146 2228 Deo
1145 2185 1218 2241 sit.
1247 2179 1348 2246 Joh.
1362 2198 1404 2240 7:
1421 2197 1481 2242 17.
1506 2181 1702 2225 mandata
1722 2182 1832 2224 enim
1844 2180 2016 2242 Jehovae

400 2245 500 2303 fiant
512 2248 615 2290 reHa
628 2267 640 2289 .·
649 2262 880 2310 praeceptum
891 2247 1057 2308 Jehovae
1064 2262 1217 2309 purum
1230 2282 1242 2301 ,
1254 2246 1447 2306 illustrans
1459 2246 1600 2290 oculos.
1633 2244 1729 2289 Psal.
1750 2261 1817 2301 19.·
1830 2263 1873 2302 9.
1898 2248 2015 2294 nullo
2105 2221 2110 2330 Ι

407 2326 505 2355 vero
529 2309 660 2356 modo
681 2313 940 2373 probationes
953 2310 1170 2357 divinitatis
1183 2312 1258 2357 suae
1271 2308 1514 2365 aliunde‚vel
1527 2310 1576 2354 ab
1588 2307 1810 2354 hominum
1823 2327 2016 2371 quocun·
2103 2331 2106 2367 3

407 2392 491 2436 que
513 2390 624 2421 coetu
637 2378 699 2422 vel
711 2375 797 2422 sede
808 2376 1069 2422 emendicare.
1105 2375 1319 2441 VideJoh.
1351 2377 1390 2422 8:
1415 2391 1475 2436 13,
1493 2391 1558 2434 14·
1582 2374 1653 2420 ubi
1676 2372 1844 2419 Christo
1867 2373 1976 2422 idem
1989 2378 2013 2423 {a
2101 2371 2105 2440 f

405 2438 607 2487 Pharisaeis
620 2440 1020 2503 objiciebatur‚quod
1031 2444 1199 2505 proprio
1212 2441 1449 2487 testimonio
1464 2441 1500 2485 se
1512 2438 1865 2486 venditaret.Sicut
1878 2456 2013 2488 autem
2097 2474 2100 2515 Ι

404 2506 471 2550 ille
482 2504 534 2552 ad
545 2523 665 2569 opera
678 2507 743 2552 sua
755 2508 1003 2569 provocabat
1016 2541 1028 2562 ,
1041 2507 1138 2552 ibid.
1160 2511 1203 2552 &
1215 2523 1297 2570 cap.
1325 2522 1359 2566 5.
1379 2522 1440 2567 32.
1458 2507 1585 2551 Alius
1597 2506 1773 2564 (inquit)
1790 2505 1856 2563 est,
1872 2514 1943 2568 qui
1956 2523 2018 2552 te-
2095 2519 2098 2574 j

393 2571 533 2632 statur
555 2573 602 2620 de
625 2591 688 2620 me
701 2606 714 2629 ,
742 2580 790 2628 ὠ
804 2572 881 2633 fiio
893 2572 1423 2637 firmumcffetqstffmonium
1436 2570 1544 2635 quod
1553 2570 1719 2632 testatur
1742 2570 1875 2617 deme.
1897 2574 2017 2682 Itzssf&
2092 2578 2098 2633 J

1925 2653 1946 2682 e
1981 2654 2027 2684 e·

2113 2692 2116 2718 1

2100 2723 2116 2901 l
