2136 3114
399 162 484 208 DE
517 158 902 211 anmm
937 161 1414 211 &THEoLoan
1650 167 1716 214 ‘17

77 245 207 294 dufio
231 246 282 294 fit
304 247 481 295 verbum
508 251 616 304 Dei,
648 248 713 295 sed
736 251 846 296 illam
862 251 1036 297 verbum
1048 253 1131 297 Dei
1142 248 1217 297 effe
1229 249 1516 312 consequentia
1529 247 1572 294 &
1585 264 1713 294 nexus

16 357 17 361 ,
79 315 299 360 veritatum
322 312 452 359 docet.
496 317 608 362 Sicut
631 316 672 359 in
702 314 882 361 Mathefi
895 315 1262 362 demonstrationes
1274 318 1486 362 veritatem
1499 330 1627 376 quam
1638 312 1711 360 de-

14 422 17 428 .
79 377 313 425 monstrant
323 394 411 423 non
425 377 580 426 faciunt
591 415 603 433 ‚
628 379 694 426 sed
707 382 834 426 menti
846 381 1070 428 ostendunt
1082 395 1259 429 tantum.

147 447 185 490 L
198 448 237 490 X
251 447 336 490 IX.
371 448 480 490 Finis
503 443 750 507 Theologiae
761 444 834 500 est,
846 446 1043 493 adducere
1054 445 1271 492 hominem
1285 445 1336 493 ad
1349 450 1493 493 Deum
1508 479 1520 500 ‚
1542 444 1708 506 ejusque
1730 456 1901 506 Theologs‘ae
1922 455 1930 506 j

80 510 259 573 gloriam
274 529 285 555 ι
310 512 364 555 ita
389 525 437 558 ut
458 510 668 573 supremus
689 509 937 575 Theologiae
963 511 1056 558 finis
1069 511 1117 559 fit
1129 511 1376 575 glorificatio
1390 513 1474 558 Dei
1488 545 1500 566 ,
1514 511 1709 569 infimati-
1721 511 1820 559 finis.

68 575 169 634 sitis,
186 582 234 628 &
247 590 296 621 ut
307 577 658 637 admirandusfiat
667 584 708 621 in
720 577 966 623 credentibus
977 577 1170 624 ommbus.
1201 595 1240 624 2.
1253 575 1395 624 Thess.
1415 595 1451 623 12
1471 593 1538 623 10.
1563 576 1709 621 subor-

78 639 241 687 dinatus
253 654 390 686 autem
402 641 501 688 salus
511 639 707 695 hominis,
732 660 853 704 quem
863 649 988 689 Sacra
1000 646 1116 688 litera
1122 644 1276 707 poffunt
1279 643 1501 708 sapientem
1504 643 1642 702 facere
1652 643 1714 687 ad

69 705 251 766 salutem
256 722 330 771 per
328 707 562 771 fidem‚quae
574 708 626 767 est
637 715 680 752 in
695 709 846 768 Chresto
860 709 984 770 J.estt
1011 725 1050 755 2.
1063 711 1182 755 Tim.
1198 726 1233 770 3:
1256 724 1323 768 15,
1340 727 1406 771 17.
1429 707 1564 766 Cujus
1575 707 1707 753 salutis

18 782 19 785 ’
80 773 275 835 principia
298 776 342 817 &
366 771 500 818 media
511 771 745 836 Theologia
758 775 931 836 {primo
943 776 1063 820 initio
1076 773 1240 820 homini
1253 771 1555 820 commonstrat
1567 789 1611 818 ac
1623 786 1706 819 tra-

17 841 19 844 ’
79 835 157 892 dit,
170 839 279 883 &ita
291 853 362 900 per
372 838 437 882 illa
449 838 583 901 ipsum
596 836 645 883 ad
658 838 886 901 supfeffiarn
900 840 1012 893 suam
1025 838 1320 885 beatitudinem
1334 838 1514 886 deducit.

147 906 184 949 L
198 906 238 949 X
250 906 304 949 X.
340 906 408 949 Ex
420 901 539 949 dietis
550 905 693 965 liquet,
706 902 987 969 Theologiam
999 905 1205 951 summam
1216 902 1291 951 effe
1302 906 1536 967 sapientiam
1555 938 1569 959 ,
1582 905 1706 968 quip-

79 982 131 1032 pe
142 984 236 1029 quae
249 969 270 1013 a
283 971 382 1015 Deo
394 968 576 1031 profeeta
589 1003 602 1024 ,
632 969 682 1016 de
695 974 792 1016 Deo
804 1006 815 1021 ‚
844 987 915 1034 per
925 975 1071 1027 Deum
1094 987 1226 1033 agens,
1240 976 1284 1016 &
1297 969 1346 1017 ad
1359 974 1502 1017 Deum
1515 968 1682 1016 tendens
1695 1005 1708 1025 ‚

80 1050 133 1080 eo
156 1032 322 1080 tandem
345 1032 562 1080 hominem
597 1034 745 1082 evehit.
801 1040 863 1082 Ita
886 1051 934 1083 ut
955 1037 1138 1083 maxime
1162 1035 1214 1084 s1t
1245 1045 1398 1095 ’θειοτάτη
1426 1068 1440 1089 ,
1469 1040 1513 1082 δε
1535 1037 1710 1098 reliquas

18 1107 19 1110 ’
83 1113 184 1146 artes
196 1100 321 1162 longe
335 1102 600 1155 antecellat‚ac
612 1100 808 1164 dignitate
818 1104 967 1165 primas
978 1116 1123 1149 teneat.

152 1169 190 1211 L
203 1169 243 1211 X
255 1169 294 1211 X
308 1170 343 1212 I.
377 1169 494 1211 Cum
509 1180 644 1211 autem
658 1169 814 1229 religio,
829 1184 956 1228 quam
969 1167 1092 1214 tradit
1102 1167 1339 1231 Theologia
1352 1203 1364 1223 ,
1380 1166 1537 1214 constet
1549 1185 1598 1214 ex
1610 1184 1708 1214 vero
1733 1177 1800 1225 ejus
1816 1178 1928 1229 parth

18 1260 20 1265 ·
75 1227 135 1276 de
147 1233 246 1277 Deo
256 1231 368 1276 sensu
381 1266 393 1286 ‚
408 1236 451 1277 &
463 1232 578 1277 reeto
590 1231 674 1291 ejus
687 1235 814 1288 culm,
827 1232 922 1278 inde
934 1233 1161 1280 commode
1175 1232 1363 1279 distribui
1375 1233 1507 1297 potest
1519 1233 1710 1280 Theolo-
1732 1235 1791 1269 τέο,

17 1319 21 1326 ·
82 1298 149 1359 gia
171 1299 213 1342 in
237 1294 336 1343 duas
348 1313 476 1360 partes
489 1332 500 1351 ,
530 1314 623 1359 quae
636 1299 764 1343 vitam
779 1300 1024 1361 spiritualem
1038 1299 1311 1353 constituunt,
1326 1302 1527 1344 nimirum
1540 1302 1582 1344 in
1600 1301 1713 1345 noti-

19 1412 21 1422 Α
84 1363 187 1409 tiam
211 1362 276 1408 seu
289 1361 417 1409 fidem
431 1398 443 1417 ,
456 1367 498 1408 &
511 1361 787 1409 obedientiam
812 1364 878 1409 seu
891 1362 1139 1411 charitatem.
1179 1371 1289 1428 Qae
1304 1382 1391 1410 non
1405 1364 1461 1411 est
1474 1363 1711 1410 distributio

80 1429 239 1489 generis
250 1429 292 1473 in
304 1426 445 1491 species
456 1463 468 1483 ‚
481 1427 547 1474 se'd
559 1430 703 1492 integri
715 1431 758 1474 in
770 1430 837 1475 sua
848 1430 1045 1476 membra.
1062 1435 1153 1475 Sine
1154 1432 1239 1492 fide
1251 1430 1474 1493 impoffibt'le
1485 1431 1537 1491 est
1554 1433 1711 1493 placere

87 1497 176 1539 Deo
190 1527 202 1548 ‚
225 1491 267 1539 h.
279 1510 314 1540 e.
339 1496 437 1540 Deo
460 1496 653 1556 placentia
667 1493 805 1541 facere.
841 1496 1007 1541 Credere
1020 1504 1126 1541 enim
1140 1511 1286 1559 oportet
1300 1502 1484 1558 eum,qu'i
1495 1495 1643 1541 accedit
1655 1496 1714 1541 ad

21 1619 23 1623 y
88 1562 227 1607 Deum
240 1593 252 1613 ,
285 1558 426 1621 (quod
438 1558 496 1605 est
507 1559 720 1605 ambulare
742 1579 835 1606 cum
859 1566 948 1607 Deo
963 1595 975 1616 ‚
1003 1568 1051 1615 (ᾖν
1076 1567 1162 1608 Deo
1175 1564 1371 1625 placentia
1390 1563 1529 1622 facere
1554 1566 1573 1615 )
1600 1562 1713 1624 quod

21 1648 23 1683 3
76 1626 136 1684 fit
158 1658 171 1679 ‚
205 1631 254 1678 (ῤ’
290 1624 551 1690 quarentibus
576 1624 621 1683 ft·
656 1642 934 1673 remunerator
947 1627 1044 1688 fiat.
1101 1628 1235 1673 Hebr.
1266 1644 1284 1672 1
1295 1644 1331 1672 1:
1360 1636 1399 1673 6.
1424 1631 1516 1672 Hoc
1541 1627 1595 1686 est
1610 1642 1708 1689 pra.-

21 1691 23 1730 J
86 1706 243 1753 ceptum
258 1693 377 1755 ,ipsius
388 1727 401 1744 ,
438 1707 487 1738 ut
507 1692 715 1737 credamus
725 1700 876 1738 nomini
899 1695 990 1737 Filii
1001 1694 1114 1756 ipfius
1125 1692 1233 1755 Jesu
1248 1693 1391 1753 Christi
1406 1726 1418 1745 ‚
1433 1699 1481 1745 ὠ
1493 1692 1709 1754 dilzgamus

22 1774 23 1786 ¹
88 1762 260 1802 invicem
272 1791 285 1812 ,
308 1773 358 1802 ut
379 1758 487 1802 dedit
491 1773 728 1820 pracceptum
739 1757 862 1804 nobis.
896 1775 928 1803 1.
944 1757 1048 1821 Joh.
1065 1775 1099 1819 3:
1117 1775 1179 1819 23.
1205 1763 1314 1803 Finis
1335 1759 1647 1804 denunciationis
1657 1757 1709 1818 cst

22 1843 25 1865 ι
89 1822 226 1868 caritas
249 1840 299 1869 ex
310 1823 421 1869 corde
435 1839 538 1886 puro
553 1829 602 1875 ὤ»
613 1823 839 1882 conscientia
852 1823 952 1868 bona
966 1829 1014 1876 ὠ
1029 1822 1113 1869 fide
1123 1842 1200 1868 non
1199 1825 1417 1884 simulata.
1446 1840 1462 1868 1
1472 1857 1482 1868 .
1494 1824 1612 1868 Tim.
1624 1840 1658 1868 1:
1672 1837 1709 1881 5.

22 1897 25 1938 j
90 1885 242 1932 Tenens
254 1889 383 1950 fidem
404 1895 452 1942 ῤ’
475 1888 621 1934 bonam
644 1887 930 1947 conscientiam.
958 1895 1004 1939 ios
1034 1906 1099 1946 19.
1125 1889 1357 1951 Expreffam
1370 1889 1558 1949 formam
1582 1902 1710 1934 teneto

22 1955 25 2004 ξ
82 1950 279 2010 fimorum
293 1954 524 2013 sermonum
547 1962 588 2000 in
599 1954 686 2015 fide
710 1960 761 2008 (φ
782 1961 962 2000 caritate.
1003 1971 1043 2001 2.
1066 1957 1185 2000 Tim.
1216 1972 1251 2000 1:
1282 1971 1341 2015 13.
1380 1955 1505 1999 Credo
1529 1952 1712 1999 omnibus

23 2009 25 2020 ’
93 2036 178 2080 quae
187 2017 337 2084 scripta
349 2019 465 2078 fient,
490 2026 539 2074 &
541 2021 651 2082 spem
665 2019 785 2066 habeo
798 2028 839 2065 in
852 2025 940 2066 Deo
956 2039 966 2064 z
982 2027 1030 2074 &r
1043 2037 1196 2066 exerceo
1209 2037 1272 2065 me
1284 2020 1341 2065 ad
1348 2021 1623 2077 conscientiam
1634 2018 1711 2064 ha-

24 2089 25 2130 f
92 2083 346 2145 bendamfine
358 2085 517 2146 ffnfh.
551 2087 653 2132 Aet.
668 2102 737 2148 24:
758 2103 824 2147 14,
843 2101 908 2145 15,
925 2093 991 2132 16.
1027 2090 1167 2132 Petrus
1189 2083 1232 2130 id
1243 2098 1516 2131 totumvocat
1528 2092 1712 2130 animam

79 2147 206 2207 fitam
229 2155 317 2197 Deo
333 2185 345 2206 ‚
368 2167 418 2197 ut
429 2152 546 2213 fideli
557 2159 739 2206 creatori,
751 2159 994 2198 committere
1021 2149 1164 2213 (quod
1176 2149 1273 2198 fidei
1285 2149 1342 2196 est
1342 2151 1364 2209 )
1388 2159 1428 2197 in
1439 2150 1710 2210 bonifizc'z‘t'one

96 2213 238 2276 (quod
251 2219 418 2263 caritatis
429 2216 499 2262 est.
514 2221 532 2272 )
555 2236 589 2264 1.
605 2222 692 2263 Pet.
703 2233 747 2278 4:
767 2236 832 2276 19.

157 2284 194 2327 L
208 2284 247 2327 X
260 2285 300 2328 X
311 2287 331 2328 I
344 2286 379 2328 I.
414 2281 668 2329 Distributio
680 2298 816 2329 autem
827 2281 1075 2345 Theologiae
1087 2317 1100 2338 ,
1114 2281 1228 2344 quasi
1241 2283 1394 2346 generis
1406 2283 1447 2326 in
1459 2281 1599 2344 species
1611 2281 1710 2333 suas,

26 2356 27 2406 j
89 2347 171 2409 peti
193 2344 312 2394 debet
322 2365 371 2394 ex
384 2346 611 2395 diversitate
623 2345 899 2395 Oeconomiae
913 2383 926 2403 ‚
949 2366 1077 2409 quam
1089 2351 1191 2394 circa
1203 2346 1385 2394 hominis
1397 2345 1562 2395 salutem
1575 2346 1713 2392 obser·

26 2410 27 2416 ’
90 2414 202 2458 vavit
215 2416 342 2466 Deus,
348 2412 463 2474 juxta
474 2431 603 2476 quarn
614 2416 735 2462 etiam
747 2413 885 2461 foedus
896 2416 979 2460 Dei
992 2431 1089 2461 cum
1101 2412 1273 2460 homine
1284 2412 1490 2459 diversum
1502 2411 1594 2458 fuit.
1609 2414 1711 2458 Un-

89 2474 142 2523 de
153 2476 387 2543 Theologia
399 2478 456 2526 est
466 2482 530 2527 vel
540 2483 703 2543 Legalis
715 2515 728 2535 ,
741 2486 785 2527 δε
798 2483 1014 2544 Originalis
1027 2515 1039 2535 ‚
1063 2482 1307 2526 conveniens
1318 2480 1442 2526 veteri
1455 2476 1600 2523 foederi
1613 2492 1712 2540 ope-

28 2578 29 2583 .
88 2558 187 2589 tum
201 2559 291 2590 ante
302 2546 455 2608 lapsum
471 2565 481 2590 t
509 2547 574 2592 vel
585 2549 834 2610 Euangelica
847 2579 859 2600 ‚
873 2548 1115 2592 conveniens
1128 2544 1273 2592 foederi
1285 2546 1422 2609 gratiae
1436 2542 1530 2607 post
1540 2543 1713 2606 lapsum.

27 2643 29 2656 ι
86 2610 238 2675 ⁴fitque
259 2608 345 2661 haec
369 2612 614 2681 Euangelica
634 2613 770 2662 rursus
791 2610 849 2661 est
872 2613 937 2679 vel
960 2613 1173 2676 Euangelii
1179 2611 1434 2677 promzffionis
1446 2643 1460 2669 ‚
1484 2621 1576 2657 ante
1586 2606 1713 2723 {thri-

28 2711 29 2719 ,
1107 2681 1152 2726 C
1638 2688 1712 2720 um
