2116 2901
445 117 504 165 '82
842 105 1672 160 L13.1.CA1›u·1·X1-1.
2070 0 2116 102 ἲ

450 218 546 249 rum
562 205 605 249 &
615 199 822 265 phrasium
853 205 872 255 <
875 202 989 245 Deus
999 199 1109 243 enim
1121 197 1307 244 humano
1320 211 1439 241 more
1451 193 1665 239 nobiscum
1676 193 1838 239 locutus
1850 191 1960 240 estin
1974 194 2078 242 Scri-

449 269 604 330 ptura)
632 265 899 312 antecedentia
922 269 965 309 δε
996 263 1293 325 consequentia,
1310 259 1522 306 historiam
1535 259 1732 321 temporis
1743 292 1755 313 ‚
1769 259 1860 305 loca
1870 261 2072 323 paralle1a3

451 331 628 394 denique
638 332 843 378 revocatio
856 331 1051 375 omnium
1063 330 1119 374 ad
1134 330 1364 392 analogiam
1365 327 1478 388 fidei.
1513 328 1649 372 Rom.
1672 341 1689 369 1
1699 339 1737 369 2:
1753 332 1795 370 6.

234 402 315 442 quas
326 390 430 428 ‘'me'‘
516 402 552 444 L
566 402 620 444 X.
655 395 844 443 Absurde
866 409 1003 441 autem
1027 393 1236 441 Pontificii
1264 409 1341 456 pro
1353 391 1692 453 interpretationis
1703 390 1988 453 regulis&viis
1998 393 2077 439 im-

236 457 402 512 venanti,
449 464 589 525 primis
611 462 798 509 adferunt
821 462 964 524 praxin
990 465 1033 505 &
1056 458 1320 506 traditionem
1332 455 1532 507 Ecclefiae,
1550 455 1788 501 consensum
1804 460 2000 512 Patrum‚
2033 463 2077 506 ὃς

236 499 412 546 Pontzficu.
448 531 738 574 Conciliorum
750 526 904 573 decreta
919 547 932 571 :
957 543 1049 586 quae
1061 526 1235 571 libertati
1247 523 1434 569 fidelium
1447 536 1689 585 repugnant:
1703 535 1845 567 contra
1857 521 1960 569 illud
1971 529 2076 570 Pau-

445 595 474 638 li
491 612 499 638 :
514 598 614 638 lVon
626 593 734 656 qnod
744 594 994 638 dominemur
1006 591 1239 653 vcstraeftdei
1253 624 1265 645 ‚
1279 589 1354 648 [ἑά
1363 590 1471 652 quod
1491 588 1713 647 administri
1713 590 1845 645 fimus
1850 589 1995 652 gaudii
2006 609 2075 638 ve-

434 659 526 718 stri.
564 676 602 705 2.
615 664 717 705 Cor.
729 677 764 704 1.
782 675 848 719 24.

234 735 282 782 &a
304 741 407 774 Ana·
515 728 551 770 L
565 728 604 769 X
617 730 652 770 I.
685 728 742 770 Et
754 725 804 769 ab
817 723 939 769 altera
953 736 1063 785 parte
1075 719 1297 767 damnandi
1309 736 1482 781 quoque
1494 719 1586 764 sunt
1598 717 1876 781 Anabaptistae
1890 754 1903 775 ‚
1919 736 2071 783 proter-

233 791 387 844 baptisia·
448 789 499 834 ve
523 789 741 849 rejicientes
763 791 806 834 in
830 786 1066 852 explicanda
1091 788 1294 850 Scriptura
1306 803 1432 831 omne
1443 787 1669 831 litterarum
1682 801 1727 830 ac
1737 785 1929 833 saecularis
1940 786 2074 835 erudi·
2102 836 2105 839 ,

448 856 571 901 tionis
584 854 831 917 praefidium.

233 917 325 974 lm?
324 921 401 973 1⁶5⁶·
516 924 552 966 L
566 924 605 966 Χ
618 926 637 966 Ι
651 925 685 966 Ι.
723 927 998 982 Qaecunque
1010 932 1145 964 autem
1160 918 1436 981 interpretatio
1448 917 1632 979 genuinis
1643 913 1746 962 hisce
1757 917 1832 963 viis
1855 917 2072 980 deprehen..

194 1004 197 1006 ’
231 978 402 1057 ἓῖιὲῗῑω
449 983 586 1040 ditur,
613 991 656 1032 &
680 987 903 1031 verborum
917 983 1080 1047 pondus
1095 1018 1106 1038 ‚
1130 982 1314 1046 phraseos
1326 982 1518 1028 usitatam
1530 983 1754 1034 rationem,
1798 995 1992 1035 immega„
2013 1003 2074 1033 re..

232 1087 259 1112 L
279 1032 345 1111 APT
369 1086 410 1111 Ι,
449 1067 545 1096 rum
569 1056 613 1097 δε
636 1053 862 1114 analogiam
886 1052 1100 1112 Scripturae
1127 1050 1311 1095 observat
1325 1083 1337 1103 ‚
1361 1047 1412 1093 de
1423 1065 1468 1093 ea
1480 1045 1656 1093 dubitari
1674 1064 1760 1094 non
1774 1051 1908 1112 potest
1924 1086 1937 1106 ‚
1971 1054 2071 1113 quin

235 1139 264 1164 T
282 1139 353 1167 un
370 1138 411 1166 o.
449 1118 557 1162 reeta
582 1122 625 1163 δε
648 1134 839 1180 germana
862 1114 1062 1178 expolitio
1086 1120 1129 1160 &
1153 1117 1234 1177 ipsa
1262 1119 1329 1177 Sp.
1355 1118 1394 1160 S.
1420 1122 1640 1171 ὶίπκοέλυψις
1666 1112 1727 1161 fit.
1765 1115 1841 1162 Est
1864 1119 1975 1163 enim
1988 1118 2072 1165 haec

232 1187 267 1220 C
269 1183 344 1231 “sm
355 1196 409 1219 re·
452 1181 664 1228 certiffima
675 1188 716 1228 &
731 1184 902 1228 maximi
916 1182 1007 1227 usus
1018 1183 1060 1226 in
1085 1180 1318 1243 explicanda
1331 1181 1535 1241 Scriptura
1546 1181 1682 1242 regula
1695 1214 1706 1234 ‚
1728 1182 1847 1228 verba
1861 1185 2072 1246 Scripturae

232 1238 328 1286 gula,
342 1250 425 1299 '⁰5³7‘
455 1248 737 1312 (intelligimus
750 1262 885 1294 autem
898 1247 1019 1293 verba
1032 1260 1163 1292 textus
1175 1247 1378 1310 originalis
1400 1257 1602 1303 §ravum-x,
1629 1260 1751 1306 atque
1763 1265 1806 1292 ea
1822 1264 1908 1294 non
1921 1250 2068 1312 separa.

228 1290 403 1395 }'fusslczgc
449 1314 527 1357 tim
540 1314 684 1366 sumta,
697 1312 762 1359 sed
776 1327 899 1375 prout
911 1315 953 1358 in
967 1326 1163 1358 contextu
1176 1314 1335 1375 integro
1349 1324 1572 1357 occurrunt
1586 1316 1606 1366 )
1635 1310 1718 1358 hoc
1728 1329 1855 1359 omne
1869 1313 2066 1377 fignifica-

232 1397 387 1449 omnefi-
451 1394 507 1432 re,
521 1378 639 1438 quod
653 1378 874 1441 significare
884 1375 1063 1442 possunt.

228 1453 390 1502 gnificare
518 1445 554 1489 L
570 1448 607 1490 X
619 1449 641 1490 I
653 1449 673 1490 Ι
686 1449 719 1490 Ι.
756 1446 893 1492 Verba
920 1446 1029 1489 enim
1043 1447 1109 1506 Sp.
1125 1448 1163 1490 S.
1177 1444 1330 1504 semper
1343 1444 1384 1486 in
1397 1443 1515 1486 omni
1526 1442 1739 1490 latitudine
1751 1461 1794 1489 ac
1804 1445 1988 1507 potentia
2002 1443 2068 1491 sua

230 1508 320 1558 quod
330 1508 432 1558 figm‘·
452 1508 643 1556 sumenda
668 1508 743 1556 effe
767 1514 896 1574 patet3
924 1523 1015 1554 tum
1029 1527 1078 1554 ex
1091 1525 1264 1573 operum
1279 1506 1655 1569 Deifnagnitudine
1666 1527 1709 1554 ac
1722 1509 1925 1569 majestate
1936 1544 1948 1565 ‚
1976 1527 2068 1571 quae

230 1561 408 1615 ficmffls·
418 1598 429 1612 η
451 1576 572 1620 nimis
583 1576 768 1621 sublimia
780 1577 947 1638 cogitari
961 1591 1177 1636 nunquam
1191 1571 1356 1636 possunt
1372 1592 1380 1618 :
1396 1575 1449 1619 ita
1464 1588 1510 1619 ut
1523 1573 1746 1620 verendum
1761 1591 1846 1620 non
1860 1575 1923 1630 fit,
1948 1591 1997 1621 ne
2009 1579 2070 1623 ni-

223 1617 320 1667 sum·
450 1641 527 1685 mis
539 1641 757 1704 magnifice
771 1640 821 1686 de
833 1634 931 1687 Deo
943 1642 1157 1687 sentiamus
1169 1675 1180 1694 ‚
1195 1639 1225 1685 si
1238 1642 1397 1702 plenam
1410 1640 1634 1684 verborum
1660 1648 1802 1700 δύναμιν
1825 1642 2040 1703 sequamur
2055 1659 2069 1695 ;

448 1718 541 1750 tum
565 1723 614 1751 ex
639 1709 721 1753 Dei
733 1706 855 1770 ipsius
880 1719 1020 1751 natura
1045 1711 1087 1750 &
1110 1705 1423 1768 proprietatibus
1436 1739 1448 1758 ‚
1474 1707 1548 1765 qui
1579 1722 1674 1750 cum
1689 1706 1990 1769 sapientissimus
2001 1706 2064 1764 fit,

448 1772 491 1815 in
503 1770 698 1818 tradenda
720 1773 923 1835 Scriptura
935 1772 1064 1817 verbis
1077 1772 1167 1817 usus
1179 1771 1236 1816 est
1248 1772 1391 1833 procul
1403 1769 1533 1815 dubio
1547 1769 1753 1833 aptissimis
1770 1777 1813 1817 δ(
1825 1776 2067 1819 convenien-

451 1834 631 1889 tiffimis;
661 1855 795 1899 neque
808 1840 918 1882 enim
931 1837 1162 1899 putandum
1175 1836 1233 1882 est
1245 1841 1388 1883 Deum
1400 1837 1533 1881 inanes
1545 1838 1662 1898 logos
1674 1836 1842 1883 fundere
1865 1838 2005 1899 (quod
2016 1855 2065 1884 ne

449 1900 664 1964 prudentes
687 1902 857 1965 quidem
879 1905 983 1949 inter
994 1901 1181 1948 homines
1193 1902 1375 1956 faciunt)
1404 1906 1445 1946 δέ
1458 1903 1613 1964 pompei
1627 1919 1669 1947 ac
1682 1903 1980 1966 magnificentia
1992 1904 2067 1951 ser-

449 1970 586 2013 monis
609 1968 794 2014 Ecclefiae
820 1972 896 2014 suae
910 1967 1076 2014 illudere
1100 1966 1270 2013 voluisse
1284 2003 1295 2022 ‚
1321 1970 1372 2013 ira
1385 1982 1432 2014 ut
1445 1967 1563 2013 verba
1583 1967 1614 2027 ej
1621 1985 1666 2013 us
1692 1970 1735 2013 in
1748 1971 1905 2014 exiliori
1915 1969 2066 2032 semper

447 2033 559 2078 sensu
570 2035 738 2096 intelligi
751 2033 922 2081 debeant
934 2069 947 2089 ,
981 2050 1107 2094 quam
1120 2035 1240 2080 sonus
1251 2039 1294 2079 C<
1306 2036 1366 2079 vis
1378 2050 1518 2078 earum
1530 2036 1714 2094 requirit.
1747 2036 1812 2080 Sic
1824 2038 1933 2080 enim
1946 2036 2065 2082 verba
2115 2053 2116 2056 ¹

446 2113 533 2143 non
548 2098 683 2146 forent
694 2094 791 2146 Deo
803 2099 938 2163 digna.
974 2104 1120 2160 Atque
1142 2100 1243 2146 adeo
1256 2098 1515 2146 statuendum
1529 2098 1586 2144 est
1611 2134 1623 2153 ,
1660 2100 1860 2162 quicquid
1882 2103 1925 2145 in
1948 2114 2061 2163 pote·
2114 2093 2116 2115 l

446 2162 548 2208 state
570 2166 795 2211 verborum
820 2169 1033 2228 Scripturas
1046 2166 1104 2212 est
1117 2201 1129 2221 ‚
1157 2165 1199 2212 id
1212 2182 1301 2211 eam
1315 2167 1407 2210 actu
1422 2162 1665 2227 significare,
1701 2181 1773 2210 nec
1785 2163 2061 2211 extenuandos

446 2245 634 2289 unquam
656 2228 731 2276 effe
753 2232 881 2277 sensus
905 2236 970 2294 Sp.
997 2236 1034 2276 S.
1060 2249 1156 2278 cum
1170 2237 1213 2277 &
1226 2236 1263 2277 A
1270 2230 1455 2294 postolus
1488 2249 1520 2276 1.
1539 2235 1643 2276 Cor.
1665 2247 1730 2291 14:
1751 2249 1767 2276 1
1780 2249 1814 2277 1.
1851 2243 1905 2282 τὴν
1930 2239 2064 2291 δύναμιν
2112 2241 2113 2248 ’

446 2305 504 2343 τῆς
529 2308 636 2352 φῑωννῖς
665 2298 831 2359 appellet
844 2296 926 2355 ejus
940 2296 1302 2360 significationem,
1323 2313 1531 2360 perquam
1546 2297 1663 2342 nobis
1676 2295 1725 2342 fit
1739 2299 1847 2343 vocis
1870 2305 2024 2350 ὃήλωστς.

511 2363 547 2404 L
562 2363 601 2404 X
616 2366 636 2406 I
649 2365 705 2408 V.
741 2366 887 2422 Atque
899 2361 1019 2421 hujus
1031 2366 1179 2426 regulae
1193 2365 1283 2409 usus
1296 2377 1455 2425 apparet
1467 2364 1509 2406 in
1523 2361 1805 2408 controversiis
1833 2379 1929 2407 curn
1941 2360 2062 2408 haere-
2110 2360 2111 2369 ¹

442 2425 550 2475 ticis,
580 2428 653 2487 qui
678 2443 820 2473 omnes
830 2429 991 2490 plenam
1005 2431 1227 2475 verborum
1243 2432 1454 2492 Scripturae
1469 2426 1808 2490 significationem
1832 2427 2060 2490 restringere
2107 2472 2109 2485 y

443 2494 487 2534 &
510 2506 724 2538 extenuare
747 2494 887 2538 solent.
922 2499 982 2540 Ita
1001 2494 1139 2557 Judaei
1151 2507 1392 2540 enervarunt
1404 2495 1590 2539 vaticinia
1604 2492 1653 2539 de
1664 2491 1813 2540 Meffia
1827 2492 1990 2554 ejusque
1999 2509 2058 2538 re·
2106 2527 2107 2547 ;

439 2571 525 2616 gno
538 2589 551 2611 ‚
576 2559 642 2605 illa
664 2559 706 2604 in
728 2561 906 2606 tenuiori
928 2559 1040 2606 sensu
1066 2563 1148 2608 aliis
1170 2560 1418 2623 quibusdam
1443 2561 1693 2623 applicantes.
1728 2560 1790 2608 Sic
1803 2564 1847 2607 δε
1859 2558 2057 2606 Sociniani

1979 2623 2059 2686 ple-
