2116 2901
445 153 530 207 196
761 144 929 189 [ιε.
995 140 1033 186 1.
1099 138 1398 184 Capu-r
1464 112 1790 181 XXXIII.

438 231 538 278 Col.
568 244 605 276 1:
636 231 701 280 16,
719 243 782 290 17.
807 229 851 272 &
875 221 1025 271 mundi
1045 223 1165 268 creati
1187 220 1427 281 conftrvatio
1454 235 1501 265 ac
1522 217 1777 281 gubernatio.
1813 217 1940 261 Pater
1961 230 2072 262 mem

438 296 518 342 huc
531 297 654 358 usque
665 307 880 356 operatur:
905 297 1032 354 &ego
1055 304 1201 352 operor.
1219 284 1323 350 Joh.
1346 301 1385 345 5:
1405 302 1469 346 17.
1506 287 1565 329 Et
1587 290 1723 328 omnia
1747 289 1789 326 in
1811 281 1886 344 ipsa
1912 291 2073 332 ‹rvris-nu

430 359 659 421 fulfistunt,
693 358 792 404 Col.
806 374 840 403 1:
859 373 926 419 17.
948 360 1044 402 Fert
1056 359 1190 399 omnia
1203 350 1322 398 verbo
1331 349 1610 415 potentiaefuae.
1644 346 1778 392 Hebr.
1799 363 1835 392 1:
1858 362 1900 407 ς.

227 430 303 470 Joh-
312 441 343 469 ¹1
355 439 371 479 3
381 456 390 468 ·
504 427 669 472 XVIII.
702 421 866 471 Frustra
877 434 1015 467 autem
1026 419 1212 465 laborant
1224 415 1435 463 adversarii
1451 414 1693 478 primarium
1711 412 1830 457 illum
1846 412 1987 457 locum
1993 411 2072 475 Jo.

439 490 583 538 hannis
594 482 627 536 ci
644 506 677 535 1:
694 505 729 551 3.
752 492 906 535 Omnia
911 502 984 551 per
996 482 1390 545 huncfaffasnnt,&
1403 480 1550 543 abstjue
1561 497 1601 524 eo
1604 480 1770 540 fastum
1786 477 1838 536 est
1850 476 1952 521 nihil
1964 479 2070 540 quod

429 557 668 621 fastumfiss
680 554 799 600 nobis
808 555 974 615 eripere,
988 563 1113 612 atque
1123 548 1301 612 perverse
1312 563 1408 593 eum
1422 544 1472 591 de
1485 546 1682 591 creatione
1695 539 1932 595 stcunda,&
1946 558 2068 589 mun-

442 621 503 667 do
532 637 602 685 per
624 620 897 681 Euangelium
909 629 1108 662 renovato
1121 648 1134 669 ‚
1158 616 1486 677 interpretantur.
1521 614 1671 672 Egerat
1685 609 1794 666 enim
1808 606 2066 669 Euangelista

443 686 495 732 de
506 686 656 733 aeterna
667 686 755 731 Filii
769 682 877 747 apud
888 687 1049 728 Patrem
1063 680 1291 743 praesentia,
1305 692 1526 737 antequam
1541 676 1766 737 quicquam
1782 670 1897 717 fieret
1911 673 1974 717 vel
1985 674 2068 718 exi-

444 750 576 798 steret.
590 753 703 797 Hinc
714 752 756 796 in
768 749 969 812 principio
980 752 1179 800 rerum,&
1193 759 1283 790 ante
1297 741 1446 790 mundi
1459 755 1603 787 ortum
1622 739 1752 802 ipsum
1766 735 2007 791 introducit,
2023 742 2067 784 &

443 815 587 863 diserte
612 823 744 862 omnia
768 831 838 878 per
850 814 981 877 ipsum
995 812 1099 858 facta
1109 812 1276 859 testatur
1288 827 1300 863 3
1317 815 1359 855 &
1372 807 1509 872 postea
1524 805 1697 854 demum
1714 802 1765 849 de
1776 804 1914 866 primo
1928 806 2069 848 Euan-

442 884 534 944 gelii
547 883 754 945 praeconio
767 915 780 935 ‚
804 884 846 925 δε
860 878 1015 926 Christi
1027 881 1070 924 in
1082 894 1197 923 carne
1209 877 1458 941 apparitione
1469 875 1550 935 agit
1561 907 1573 923 ,
1618 866 1788 932 quando
1801 869 1845 913 in
1857 866 2066 915 mundum

444 947 468 991 a
491 948 527 992 se
538 947 695 993 sactum
708 945 909 992 descendit
923 961 934 995 ;
960 951 1030 1006 φα·
1041 957 1178 989 tamen
1191 962 1268 988 non
1281 947 1440 1005 agnovit
1457 937 1597 1000 ipfiaem‚
1611 953 1652 981 v.
1677 951 1742 981 10.
1766 932 1886 997 quod
1898 932 2069 996 quidem

440 1013 558 1058 nullo
571 1010 706 1058 modo
719 1009 769 1056 de
780 1008 943 1056 mundo
957 1011 978 1054 Ξι
990 1007 1160 1055 Christo
1174 1019 1372 1053 renovato
1387 1004 1509 1064 accipi
1522 1000 1667 1066 potest.

230 1077 412 1118 Col.¹-·16.
504 1080 623 1123 XIX.
659 1077 873 1123 Gemellus
896 1075 1057 1137 prorsus
1082 1073 1179 1120 huic
1203 1075 1316 1118 locus
1339 1069 1396 1116 est
1419 1069 1517 1114 Col.
1543 1086 1578 1114 1:
1600 1074 1664 1113 16,
1695 1065 1767 1111 ubi
1777 1081 1844 1130 per
1865 1063 2070 1126 Christum

435 1143 592 1188 condita
603 1144 793 1189 dicuntur
805 1149 952 1192 omnia,
968 1158 1051 1203 quae
1063 1148 1103 1185 in
1116 1138 1337 1197 coelisstmt,
1352 1143 1400 1189 (ῥ’
1412 1152 1494 1198 quat
1507 1141 1549 1178 in
1564 1140 1693 1183 terris,
1717 1131 1885 1192 visibilia
1900 1137 1948 1184 ἔφ’
1962 1138 2067 1176 invi-

423 1208 573 1268 fibilia‚
583 1211 674 1269 sive
687 1208 818 1253 throni
832 1240 843 1258 ‚
855 1209 945 1266 five
957 1208 1240 1251 dominationes
1254 1209 1332 1249 &c.
1347 1219 1439 1263 quae
1454 1200 1573 1245 verba
1586 1196 1803 1242 illustriora
1815 1197 1922 1250 sunt,
1935 1210 2063 1257 quam

442 1288 490 1319 ut
515 1287 800 1336 corruptorem
824 1270 963 1330 stilum
987 1269 1224 1321 admittant3
1245 1267 1318 1313 nifi
1332 1270 1454 1312 etiam
1468 1279 1619 1310 novam
1635 1263 1879 1309 creationem
1892 1262 1934 1306 in
1949 1262 2063 1306 coelis.

444 1352 569 1399 atque
590 1340 829 1402 angelorum
856 1335 1194 1381 reformationem
1221 1334 1449 1385 somnient,
1476 1327 1595 1391 quod
1610 1325 1831 1390 aliquando
1844 1324 2007 1381 audent,
2023 1330 2065 1372 &

445 1403 540 1466 post
561 1403 717 1451 Christi
740 1400 1009 1448 ascensionem
1032 1415 1205 1447 mutatas
1230 1399 1492 1461 Angelorum
1517 1396 1559 1439 in
1583 1395 1691 1439 coelo
1703 1393 1916 1455 dignitates
1931 1389 2064 1438 hario-

445 1471 582 1515 lantur
593 1503 606 1525 ,
633 1484 680 1515 ut
692 1485 802 1514 nunc
814 1465 988 1514 Christo
1001 1465 1169 1525 subjecti
1183 1464 1276 1519 sint,
1300 1465 1373 1525 qui
1386 1476 1500 1508 antea
1512 1460 1631 1506 solius
1643 1461 1768 1506 Patris
1780 1459 1953 1520 imperio
1970 1458 2065 1503 sub-

448 1549 561 1581 erant
570 1552 582 1587 ;
613 1552 663 1580 ne
685 1535 845 1581 Smalcii
858 1546 1146 1579 commentum
1160 1529 1321 1584 addam,
1339 1526 1545 1575 daemones
1557 1541 1728 1589 qnoque
1740 1523 1842 1587 ipsos
1857 1539 1926 1587 per
1942 1521 2066 1569 Chri·

447 1598 559 1646 stum
584 1600 713 1646 fictos
735 1597 809 1646 esse
831 1614 985 1645 novam
1008 1611 1246 1644 creaturam.
1280 1598 1384 1641 Haec
1407 1608 1554 1655 nempe
1582 1591 1672 1637 sunt
1687 1604 1799 1638 acuta
1810 1588 2067 1636 illa&fe1icia
2115 1602 2116 1642 g

443 1665 669 1712 hominum
701 1664 877 1711 istorum
921 1664 1287 1726 interpretamenta.
1347 1661 1452 1721 Agit
1486 1656 1716 1720 Apostolus
1749 1669 1885 1701 autem
1918 1655 1975 1700 ibi
2014 1651 2069 1700 de
2114 1649 2116 1718 l

442 1740 540 1795 πιέσῃ
564 1743 671 1781 κτίσει
684 1768 697 1786 ,
721 1748 762 1777 ν.
792 1747 858 1790 15.
891 1745 979 1792 quo
1003 1729 1174 1775 nomine
1184 1727 1264 1790 ipsa
1277 1726 1539 1788 Angelorum
1552 1720 1767 1767 substantia
1790 1754 1802 1774 ‚
1836 1737 1929 1781 quae
1943 1721 2066 1765 etiam
2111 1736 2114 1787 ᾗ

440 1798 546 1845 inter
557 1814 616 1844 res
628 1795 809 1844 conditas
820 1795 878 1842 est
891 1829 903 1850 ,
928 1796 1174 1840 continetur.
1212 1799 1469 1852 Qanquam
1494 1789 1559 1834 vel
1569 1787 1650 1850 ipsa
1662 1785 1747 1832 haec
1760 1784 1928 1831 secunda
1941 1800 2063 1830 mun-
2110 1790 2113 1848 ζ

442 1862 487 1910 di
521 1865 666 1910 creatio
690 1896 704 1917 ,
736 1879 863 1923 quam
887 1860 952 1907 hic
977 1865 1172 1923 perpetuo
1197 1869 1401 1921 oggerunt
1425 1853 1633 1901 adversarii
1656 1886 1670 1907 ‚
1708 1852 1795 1897 satis
1826 1849 1976 1896 illustre
2000 1847 2071 1896 di-
2110 1850 2111 1859 ¹

442 1930 619 1976 vinitatis
652 1925 808 1975 Christi
833 1936 1127 1991 argumentum
1152 1923 1203 1970 fit
1227 1940 1238 1976 ;
1278 1939 1375 1968 cum
1398 1922 1463 1966 illa
1487 1932 1676 1966 creaturae
1700 1916 1866 1975 alicujus
1888 1932 1994 1978 opus
2019 1919 2063 1961 &

442 1998 571 2058 gloria
593 1992 666 2040 esse
679 2010 766 2039 non
777 1991 922 2056 poffit;
940 1990 1016 2037 nisi
1028 2025 1040 2046 ‚
1055 2008 1131 2054 pro
1144 2006 1260 2036 more
1272 1989 1353 2034 suo
1366 2021 1378 2042 ‚
1396 1987 1528 2032 rursus
1537 1983 1675 2043 jejune
1689 1984 1810 2028 nimis
1820 1980 1906 2028 haec
1918 1981 2057 2026 omnia

228 2059 328 2099 Μὶν·
339 2069 412 2108 1:3.
444 2063 613 2124 capiant.
652 2061 787 2119 Quale
808 2057 866 2104 est
879 2092 892 2113 ‚
915 2056 1021 2104 dum
1033 2055 1084 2102 ad
1096 2056 1228 2103 Hebr.
1240 2072 1267 2100 1:
1285 2071 1320 2116 3⁴.
1351 2053 1425 2100 ubi
1438 2049 1628 2098 Christus
1639 2057 1772 2094 omma
1786 2047 1904 2093 verbo
1906 2046 1980 2104 sito
1988 2061 2059 2108 po-

446 2136 567 2181 tente,
579 2140 672 2172 tum
682 2122 881 2184 jussionis,
892 2137 986 2169 tum
996 2118 1281 2168 intercessionis
1293 2121 1369 2165 suae
1380 2153 1392 2172 ‚
1413 2117 1604 2176 fhstinere
1633 2113 1804 2164 dicitur,
1835 2113 2061 2158 electorum-

445 2193 807 2244 conservationem‚
835 2205 922 2234 non
936 2204 1006 2251 per
1017 2188 1189 2234 verbum
1216 2186 1408 2249 potentiae
1423 2219 1440 2236 „
1473 2181 1538 2228 sed
1563 2197 1632 2244 per
1660 2180 1837 2225 verbum
1851 2176 2063 2239 Euangelii

440 2257 487 2302 δ’(
519 2253 709 2320 promiffa
722 2257 814 2301 vitae
827 2268 983 2301 aeternae
1012 2260 1126 2315 (quae
1138 2267 1276 2298 tamen
1288 2256 1330 2296 &
1344 2251 1441 2295 alius
1453 2248 1651 2310 quispiam
1666 2245 1925 2308 promulgare
1936 2255 2060 2304 potu-

439 2319 558 2376 isset)
587 2322 831 2383 intelligunt.
865 2322 970 2365 Haec
997 2318 1183 2366 videlicet
1195 2316 1252 2362 est
1264 2330 1407 2380 potens
1419 2316 1484 2360 illa
1496 2312 1745 2359 conservatio
1761 2344 1774 2364 ,
1799 2324 1926 2370 quam
1940 2311 2061 2369 Apo-

441 2387 570 2434 stolus
582 2388 750 2449 appellat
763 2420 775 2440 ‚
801 2402 894 2447 quae
908 2385 1006 2447 saepe
1016 2386 1126 2430 irrita
1138 2388 1181 2429 ὃς
1195 2382 1276 2430 fine
1288 2382 1428 2429 stuetu
1439 2376 1513 2426 effi„²
1525 2375 1661 2443 poffit,
1672 2392 1768 2423 cum
1781 2378 1824 2422 in
1837 2374 1998 2421 externa
2010 2387 2058 2416 o-

438 2453 532 2516 pera
546 2457 588 2497 &
601 2450 826 2497 ministerio
839 2452 973 2496 solum
985 2449 1187 2496 confistat.

508 2521 600 2563 XX.
624 2520 769 2578 Atque
781 2515 866 2562 haec
882 2514 967 2575 jam
990 2517 1108 2561 altera
1121 2514 1301 2577 ipsorum
1314 2512 1497 2576 exceptio
1508 2509 1565 2557 est
1581 2529 1591 2555 2
1605 2507 1822 2557 Christum
1835 2506 1877 2550 in
1890 2516 2063 2564 utraque¹

440 2584 641 2630 creatione
651 2616 666 2641 ‚
683 2587 725 2630 δε
736 2582 869 2647 prima
883 2586 926 2632 &
939 2579 1124 2639 secunda,
1136 2597 1179 2631 ac
1191 2594 1284 2633 toto
1296 2579 1429 2631 salutis
1439 2576 1587 2630 nostrae
1599 2576 1782 2640 negotio,
1803 2566 2058 2682 instrusmlenti

1937 2650 1967 2679 o
1984 2645 2058 2680 um
