2116 2901
271 107 358 157 DE
395 115 782 160 SCRIPTURAE
818 115 1435 162 INTERPRETATIONE.
1623 131 1679 177 71

59 194 189 268 ptumi
214 201 340 246 sensus
361 201 612 262 exprimunt.
680 218 714 246 1.
749 199 806 246 est
840 195 945 251 1⁹31?ss
978 203 1142 248 auditus
1162 221 1172 247 :
1220 219 1258 248 2.
1295 195 1382 250 ms?
1406 203 1640 265 simplicitas
1669 221 1682 247 z

61 285 95 331 3.
127 264 228 317 ῧΤξῑὲ
261 268 465 329 inqufitt'o.
519 268 598 311 Illo
624 280 792 311 notatur
815 267 942 314 sensus
964 269 1164 318 litterali53
1191 267 1270 312 isto
1294 266 1422 313 sensus
1445 283 1572 327 quem
1586 282 1686 328 pro..

57 336 141 397 prie
153 339 194 379 ὃ(
207 332 435 394 simpliciter
447 330 619 377 intendit
631 335 698 393 Sp.
712 335 751 377 S.
765 348 776 382 ;
792 330 886 388 hoe,
908 334 1037 378 sensus
1048 333 1296 397 allegoricus,
1315 347 1441 395 quem
1454 346 1598 396 praeter
1610 335 1679 394 Sp.

61 401 100 446 S.
113 413 290 445 mentem
304 397 427 442 sensui
441 397 597 442 litterali
611 395 814 459 affingunt
827 402 866 444 R
875 399 1027 444 abbini.

123 468 165 511 V
180 469 199 509 Ι
216 469 248 509 Ι.
282 466 318 508 Α
327 477 426 523 tque
439 459 548 506 hunc
560 462 827 521 expolitionis
841 462 1021 509 modum
1032 466 1154 509 etiam
1166 464 1320 511 secutus
1333 463 1390 510 est
1405 462 1525 509 Philo
1535 461 1680 527 Judae-

59 534 104 575 u's
120 564 132 582 ,
155 534 196 575 8<
211 532 312 575 inter
326 525 581 574 Christianos
595 530 789 590 Origines
812 547 821 572 t
843 531 864 573 {a
877 546 966 590 quo
978 528 1207 575 derivatum
1219 529 1299 575 hoc
1313 527 1523 575 caco'e'thes
1535 530 1680 573 Ponti-

62 594 158 641 ficiis
182 596 340 658 placuit.
376 598 468 639 Nos
495 596 630 656 paucis
657 592 918 656 aphorismis,
943 593 1047 656 quid
1059 593 1109 641 de
1121 592 1225 641 hisce
1236 594 1463 641 tenendum
1476 593 1681 657 sit,exp1i-
1697 627 1834 678 quidde

12 679 14 682 ·
60 662 249 707 cabimus.
1688 682 1785 733 seam
1807 683 1896 720 sm.-

78 732 82 736 ”
125 730 166 772 V
181 731 198 771 1
212 730 277 771 ΙΙ.
319 742 352 771 1.
377 729 426 769 In
439 726 557 769 omni
575 727 788 788 Scripturae
802 725 897 770 loco
909 724 966 771 est
979 725 1107 772 sensus
1119 726 1263 788 aliquis
1275 727 1466 781 litteralis,
1489 724 1571 771 five
1582 741 1679 789 pro·
1692 747 1797 788 ptura
1815 737 1890 783 aa·

62 792 182 857 ptius,
199 790 278 837 five
292 790 499 855 figuratus.
1698 791 1870 830 tuendum

124 862 145 904 I
157 860 207 902 X.
247 875 283 902 2.
318 855 456 903 Sensus
482 856 677 916 cujusque
702 858 781 902 loci
805 857 985 902 litteralis
1006 858 1149 902 unicus
1166 856 1353 918 tantum}
1372 855 1430 903 est
1456 875 1466 902 t
1492 858 1679 918 alioquin

61 923 166 969 enim
191 923 393 968 universus
420 924 634 985 Scripturae
658 923 786 968 sensus
808 928 849 968 δε
875 923 1088 986 explicatio
1102 922 1207 968 foret
1219 919 1367 969 incerta
1379 956 1392 977 >
1405 924 1596 986 ambigua
1609 956 1622 978 ‚
1635 927 1680 968 δε

61 989 215 1052 prorsus
228 991 345 1034 nulla.

126 1058 176 1100 X.
217 1072 251 1116 3.
276 1059 324 1100 In
350 1056 458 1116 typis
482 1052 653 1114 quidem
678 1055 776 1099 alius
799 1053 856 1099 est
881 1054 1011 1100 sensus
1021 1054 1247 1099 verborum
1261 1088 1273 1109 ‚
1300 1055 1399 1100 alius
1414 1053 1541 1100 sensus
1552 1069 1682 1119 typo-

5 1155 7 1161 2
65 1135 176 1172 rum3
204 1119 268 1166 sed
292 1122 432 1165 unicus
453 1134 589 1164 tamen
602 1134 766 1166 tantum
779 1117 837 1165 est
848 1121 988 1165 litterae
1002 1120 1154 1165 sensus:
1195 1120 1292 1165 alter
1303 1134 1438 1173 autem
1452 1120 1580 1165 sensus
1591 1136 1680 1167 non

65 1185 120 1232 est
162 1188 369 1248 Scripturae
397 1186 620 1230 verborum
642 1219 654 1239 ‚
696 1184 762 1231 sed
787 1201 925 1231 rerum
960 1186 1136 1247 ipsarum
1170 1218 1183 1239 ‚
1243 1201 1337 1245 quae
1377 1187 1506 1231 verbis
1528 1187 1603 1232 illis
1627 1185 1679 1231 fi-

63 1250 255 1314 gnificatae
281 1252 393 1303 sunt3
421 1249 528 1296 unde
542 1251 670 1297 sensus
683 1250 880 1313 mysticus
892 1265 985 1296 tum
997 1253 1143 1298 oritur.
1179 1252 1308 1299 Unus
1331 1268 1428 1315 ergo
1443 1264 1607 1298 tantum
1619 1251 1678 1298 est

65 1317 186 1364 sensus
199 1353 209 1369 ,
229 1316 291 1362 sed
304 1316 394 1362 duae
409 1318 500 1362 sunt
515 1319 632 1362 unius
645 1318 773 1362 sensus
787 1333 926 1380 partes.

127 1386 209 1428 XI.
244 1399 283 1443 4.
317 1384 403 1428 Alii
426 1382 553 1428 sensus
567 1417 578 1436 ,
603 1385 676 1442 qui
701 1385 823 1446 primi
846 1380 974 1428 sensus
997 1382 1089 1427 sunt
1101 1384 1413 1443 consequentiae,
1426 1396 1512 1428 non
1526 1383 1687 1442 faciunt⁴

63 1447 213 1495 sensum
227 1450 462 1510 peculiarem
477 1482 489 1501 ‚
503 1446 684 1494 sedimus
696 1451 1005 1511 applicationem
1018 1462 1182 1493 tantum
1195 1448 1243 1494 ad
1258 1450 1378 1495 usum
1394 1468 1403 1493 ε
1429 1449 1550 1509 quod
1561 1452 1680 1495 variis

65 1512 198 1559 fnodis
210 1513 294 1559 fieri
308 1512 438 1577 potest
455 1548 466 1567 ‚
480 1512 561 1559 five
572 1530 642 1576 per
653 1516 932 1576 tropologiam
944 1548 956 1567 ‚
978 1513 1059 1560 sive
1071 1530 1142 1577 per
1153 1515 1383 1576 allegoriam
1397 1549 1413 1569 ,
1427 1513 1507 1560 five
1519 1531 1589 1577 per
1600 1514 1680 1560 do-

65 1578 250 1634 &rinasm
265 1584 341 1627 &c.
377 1582 567 1641 quamvis
590 1580 799 1643 allegorica
823 1585 865 1625 δε
889 1581 1107 1642 anagogica
1130 1580 1343 1642 applicatio
1356 1582 1680 1626 incertior&ra-

65 1646 147 1691 rior
159 1644 219 1691 fit.

130 1714 169 1755 X
182 1715 201 1756 I
214 1714 249 1756 I.
283 1713 392 1758 Uno
404 1727 502 1774 ergo
514 1712 642 1756 verbo
656 1732 668 1755 :
694 1712 834 1757 litterae
848 1710 976 1756 sensus
986 1724 1155 1756 tantum
1168 1712 1311 1756 unicus
1321 1709 1392 1761 est,
1401 1709 1482 1757 five
1495 1710 1681 1774 simplex,

66 1785 113 1821 ut
125 1777 164 1820 in
177 1774 349 1822 historiis
361 1781 402 1822 ἅτ
413 1775 633 1839 prophetiis
644 1794 655 1829 3
673 1775 754 1822 five
766 1776 1019 1839 compositus
1032 1811 1044 1831 ‚
1057 1792 1104 1823 ut
1116 1778 1156 1821 in
1168 1778 1279 1839 typis
1293 1795 1302 1821 :
1317 1778 1529 1839 applicatio
1541 1792 1681 1823 autem

66 1839 148 1900 ejus
159 1839 306 1887 diversa
319 1841 374 1888 est
389 1877 401 1896 ‚
426 1859 496 1907 per
508 1843 598 1887 usus
610 1844 810 1887 nimirum
822 1841 1066 1888 theoreticos
1078 1846 1120 1887 ὃ(
1133 1843 1353 1904 prafficos3
1373 1859 1462 1904 quo
1475 1844 1679 1906 allegoria,

66 1920 163 1969 anag
173 1909 276 1970 ogia,
291 1912 333 1952 &
346 1910 577 1971 tropologia
590 1909 782 1970 speftant.

130 1976 281 2019 ΧΙΙΙ.
320 1989 355 2033 5.
379 1975 519 2019 Sensus
540 1972 738 2036 mysticus
762 1990 847 2018 non
872 1975 1077 2019 invenitur
1099 1975 1141 2018 in
1165 1974 1284 2019 omni
1307 1975 1522 2036 Scripturae
1554 1975 1649 2019 loco
1665 1993 1678 2019 ι

66 2035 131 2083 {ed
152 2053 249 2085 tunc
259 2052 418 2085 tantum
432 2037 706 2085 admittendus
719 2037 775 2084 est
788 2074 800 2093 ,
816 2040 887 2085 ubi
900 2044 966 2102 Sp.
984 2043 1023 2084 S.
1036 2038 1291 2086 occafionem
1306 2044 1348 2085 &
1359 2038 1681 2086 fundamentum

67 2101 148 2161 ejus
159 2105 310 2167 prebess
326 2103 443 2165 quod
455 2107 568 2151 certis
579 2105 833 2167 gnorismatis
845 2103 1027 2168 dignosci
1040 2104 1187 2167 potest.

130 2172 169 2214 X
182 2174 201 2214 Ι
214 2175 269 2217 V.
304 2179 344 2217 6.
368 2171 463 2217 Ubi
475 2171 602 2216 sensus
614 2171 791 2215 litteralis
803 2174 844 2215 &
858 2169 1056 2234 mysticus
1072 2185 1339 2223 concurrunt,
1351 2169 1549 2233 mysticus
1559 2171 1683 2216 nobi-

70 2234 145 2279 lior
166 2234 221 2280 est
235 2271 247 2287 ‚
272 2240 315 2280 &
338 2238 462 2297 magis
484 2234 709 2282 intenditur
720 2237 741 2280 ὲ
754 2240 820 2298 Sp.
835 2239 873 2281 S.
888 2250 1015 2296 quam
1028 2237 1231 2281 litteralis:
1264 2239 1325 2281 uti
1338 2237 1471 2282 videre
1484 2234 1541 2281 est
1554 2238 1595 2281 in
1607 2238 1683 2281 illo

70 2299 223 2345 Mofis:
248 2305 319 2346 „Ve
341 2302 547 2365 capistrato
571 2301 712 2347 bovem
737 2310 1012 2346 triturantem.
1050 2304 1179 2347 Deut.
1196 2317 1266 2359 25:
1280 2318 1322 2362 4.
1358 2307 1400 2348 &
1424 2303 1555 2347 Pauli.
1579 2306 1682 2346 Non

71 2363 248 2428 obligabis
261 2385 299 2411 os
321 2367 409 2413 bovi
435 2375 649 2412 trituranti
672 2389 685 2411 :
723 2372 845 2413 Num
859 2365 974 2411 boves
986 2385 1082 2412 curae
1090 2372 1185 2422 [unt
1197 2372 1284 2412 Deo
1300 2374 1318 2412 ,Ρ
1325 2384 1483 2430 propter
1495 2385 1562 2412 nos
1575 2376 1682 2412 emm

71 2428 137 2474 hoc
150 2430 339 2494 seriptum
360 2433 411 2492 est
433 2438 509 2478 &c.
552 2451 582 2478 1.
596 2437 699 2478 cor.
715 2451 762 2490 9:
776 2450 820 2489 9,
839 2448 903 2477 ιο.
942 2438 1047 2494 Qo
1073 2431 1298 2478 similitudo
1311 2433 1684 2496 figittarumJona-

73 2492 197 2550 thanis
214 2515 246 2542 1.
265 2500 371 2543 Sam.
388 2515 454 2543 20.
473 2497 733 2560 hTheologis
746 2497 877 2543 referri
891 2497 1001 2543 solet.

104 2623 109 2629 .
135 2563 173 2608 X
186 2566 239 2610 V.
274 2580 314 2626 7.
341 2564 479 2612 Sensus
493 2558 708 2628 Scripture,
719 2581 816 2611 cum
829 2565 1023 2621 litteralis,
1033 2578 1125 2612 tum
1139 2563 1358 2627 mysticus,
1372 2562 1558 2611 con-stans
1574 2561 1679 2608 sern-

1615 2643 1689 2691 PCI'
