2116 2901
314 109 400 157 DE
445 119 647 153 SACRAE.
681 105 1070 151 Sciam-ruma
1104 104 1439 153 vennone,
1619 100 1726 166 87'

64 217 206 252 norma
227 201 309 248 aliis
331 195 605 246 obtrudantur
629 228 642 249 ,
667 193 857 253 quamvis
879 192 942 236 vel
965 194 1134 255 optimae
1155 190 1290 239 ess'ent.
1327 196 1472 255 Atque
1482 188 1569 238 haee
1580 192 1675 252 qui-

11 275 13 278 ’
62 269 154 319 dem
167 269 305 316 omnia
316 280 456 313 contra
467 260 750 323 Theologiam
764 255 1051 304 Scholasticarn
1064 259 1216 307 merito
1229 257 1479 307 observanda
1492 258 1674 304 veniunt.

458 439 506 487 C
564 435 623 487 A
672 434 712 485 P
766 433 817 486 U
872 433 919 484 T
1033 431 1087 483 X
1128 431 1147 481 l
1190 431 1285 483 ΙΙ.

254 578 362 648 De
399 565 593 674 fhcrae
649 571 983 667 Scriptura
1045 566 1410 666 Vetfione).

60 749 94 793 Ι.
115 745 178 822 ᾗ*
195 749 318 806 ’ζ
343 762 363 823 55
387 736 598 802 Uppositss.
622 738 836 800 Scriptumr
857 739 1127 801 perspicuitate
1151 769 1164 790 ‚
1199 749 1374 795 eamque
1407 734 1678 796 consequente
1699 746 1869 796 scriptun

156 840 174 868 3
351 839 362 845 ‚
385 811 718 868 Interpretatione
732 838 744 857 ‚
768 799 982 849 necessario
1007 803 1187 862 sequitur
1211 800 1482 864 ejuselingua
1505 798 1677 846 authen·
1702 811 1873 839 TRANS-

382 872 460 919 ticz}
473 873 514 916 in
527 871 683 932 linguas
696 870 924 915 vernaculas
934 870 1170 929 Transsatm.
1702 866 1789 894 LAT
1798 865 1860 891 ¹⁰·

435 941 504 984 II.
539 939 753 998 Scripturae
777 938 915 997 lingua
938 933 1181 988 authentica,
1206 931 1349 995 quoad
1360 937 1415 981 V.
1430 936 1489 980 T.
1501 933 1678 979 Hebraea
1701 944 1833 991 Lingua
1859 947 1891 978 s.

61 1007 130 1063 est,
151 1009 281 1072 paucis
301 1006 471 1068 exceptis
493 1000 600 1066 apud
627 1001 1089 1065 Danielem,Jeremiam
1102 1004 1144 1046 &
1157 1003 1333 1051 Ezram,
1375 1017 1469 1060 quae
1482 997 1677 1046 Chaldaea
1700 1001 1869 1063 Scrip-tusae

61 1076 162 1120 sunt.
192 1074 308 1119 Novi
319 1076 374 1119 T.
403 1072 541 1132 lingua
565 1066 794 1114 authentica
825 1069 974 1113 Graeca
986 1064 1044 1112 est
1059 1085 1069 1111 ι
1084 1082 1173 1127 quo
1186 1065 1359 1128 speetare
1371 1064 1532 1112 videtur
1543 1066 1677 1113 natio-
1701 1051 1892 1105 origanales.

9 1172 12 1176 ι
60 1156 160 1186 num
172 1137 375 1185 distinetio
392 1139 433 1182 in
447 1136 612 1198 Judaeos
624 1138 666 1179 &
681 1138 838 1179 Graecos.
881 1137 1016 1180 Rom.
1041 1150 1076 1178 1:
1097 1140 1161 1178 16.
1189 1136 1232 1177 &
1247 1149 1286 1178 2:
1306 1148 1372 1178 10.

124 1209 219 1251 ΙΙΙ.
251 1203 350 1251 Ideo
378 1207 559 1249 Novum
582 1203 638 1246 T.
672 1199 822 1246 Graece
858 1198 1134 1261 conscriptum
1147 1196 1217 1243 est.
1255 1201 1372 1243 Cum
1385 1195 1679 1262 enimJudaeo-

61 1287 151 1317 rum
164 1271 270 1316 natio
283 1266 542 1333 repudianda,
557 1271 599 1312 ὃς
612 1281 721 1314 extra
732 1264 917 1311 Ecclefiae
931 1266 1136 1327 pomoeria
1149 1262 1366 1327 ableganda
1389 1263 1495 1309 foret
1507 1298 1519 1318 ‚
1532 1266 1680 1309 incon-

62 1353 208 1399 gruum
230 1334 437 1381 videbatur
462 1348 624 1379 novum
647 1333 835 1395 gentium
859 1331 1065 1394 populum
1088 1329 1217 1393 prisco
1243 1330 1316 1374 illo
1343 1328 1527 1374 sermone
1539 1327 1678 1382 affari5

66 1400 127 1447 sed
139 1402 254 1447 eleeta
264 1399 320 1447 est
335 1417 377 1446 ea
389 1402 543 1464 lingua,
560 1415 670 1459 quae,
683 1414 780 1443 cum
794 1400 917 1460 longe
931 1397 1092 1456 lateque
1105 1397 1145 1440 in
1160 1394 1323 1440 mundo
1337 1393 1500 1441 floreret
1511 1429 1524 1449 ‚
1539 1394 1678 1454 &jam

10 1468 12 1471 ’
66 1465 114 1512 ad
127 1465 290 1530 Judaeos
312 1468 414 1530 ipsos
437 1460 661 1530 pervasisset
684 1497 698 1520 ,
722 1462 895 1509 nascenti
920 1463 1149 1525 Euangelio
1173 1474 1458 1508 commeatum
1493 1465 1537 1506 δε
1560 1459 1678 1522 quasi

63 1530 217 1578 cursum
231 1533 432 1595 praeberet.

124 1602 210 1646 IV.
247 1602 295 1643 In
317 1597 419 1644 hisce
442 1613 539 1661 ergo
567 1597 715 1659 linguis
738 1596 942 1657 Scriptura
964 1593 1098 1639 solum
1110 1591 1338 1641 authentica
1349 1591 1432 1648 est,
1457 1606 1550 1639 tum
1563 1590 1678 1654 quasi
1701 1595 1746 1643 ό·
1766 1597 1844 1634 ὶηᾱε

62 1680 121 1709 res
142 1671 366 1710 enuntiatas
379 1698 391 1719 ‚
419 1680 513 1712 tum
536 1660 680 1724 quoad
702 1662 868 1708 modum
906 1661 1144 1706 enunciandz'
1159 1679 1168 1705 ι
1183 1659 1384 1705 verfiones
1396 1672 1532 1704 autem
1545 1657 1681 1704 fideles
1699 1654 1766 1699 ‘1⁸²⁴‘
1786 1665 1855 1714 “f‘'

64 1727 292 1776 authenticae
317 1730 407 1777 sunt
418 1730 544 1793 priori
556 1726 688 1774 modo
704 1761 716 1782 ‚
752 1743 840 1771 non
853 1742 951 1772 vero
964 1724 1152 1771 secundo.
1193 1727 1273 1773 Vel
1286 1725 1421 1788 potius
1432 1725 1579 1787 triplex
1592 1741 1682 1770 ver-
1700 1706 1848 1747 'henna'

65 1794 106 1840 bi
117 1797 195 1841 Dei
209 1830 220 1849 ‚
255 1810 376 1857 prout
397 1795 635 1841 extrinsecus
650 1795 926 1857 proponitur,
955 1790 1168 1837 discrimen
1181 1792 1379 1837 observari
1393 1789 1540 1853 potest.
1582 1808 1618 1836 1.
1634 1804 1682 1836 ut

67 1859 215 1921 aliquid
241 1860 287 1906 sit
312 1862 483 1907 verbum
509 1862 593 1907 Dei
605 1857 831 1905 secundum
844 1876 943 1912 rem,
957 1857 1023 1903 seu
1035 1856 1284 1903 sententiam.
1306 1873 1345 1902 2.
1359 1854 1581 1902 secundum
1593 1874 1682 1901 rem

66 1929 107 1972 &
129 1943 248 1973 voces.
285 1944 316 1988 3.
344 1925 565 1973 secundum
579 1944 688 1980 rem,
702 1943 813 1971 voces
837 1924 1053 1969 &idiomm
1106 1925 1249 1968 Primo
1264 1920 1397 1968 modo
1410 1922 1585 1968 verbum
1598 1923 1684 1968 Dei

66 1990 135 2044 est,
148 1991 343 2053 quicquid
355 2009 404 2038 ex
416 2010 465 2038 eo
477 1991 586 2038 reete
601 1990 792 2038 docetur:
821 1987 997 2035 secundo
1010 1986 1142 2034 modo
1156 1987 1199 2035 id
1212 1989 1303 2034 sunt
1317 1987 1453 2033 fideles
1466 1990 1682 2051 Scripturae

67 2056 282 2104 versiones:
309 2060 427 2104 tertio
451 2056 582 2104 modo
607 2057 680 2102 soli
703 2054 859 2102 codices
880 2055 1048 2101 Hebraei
1074 2059 1117 2100 &
1142 2056 1284 2102 Graeci
1312 2058 1369 2102 V.
1384 2057 1498 2100 &N.
1514 2057 1572 2101 T.
1607 2054 1685 2114 qui

70 2122 236 2169 verbum
252 2126 331 2169 Dei
346 2124 435 2170 sunt
449 2127 491 2169 in
504 2123 670 2168 summo
684 2120 827 2186 gradu.

133 2193 189 2236 V.
221 2192 288 2236 Ut
301 2204 433 2235 autem
457 2204 590 2236 textus
602 2190 666 2233 ille
679 2185 935 2236 authenticus
947 2187 1003 2232 sui
1018 2186 1139 2232 usum
1151 2187 1346 2232 omnibus
1357 2185 1533 2249 praebere
1545 2181 1681 2248 possit,
1708 2196 1866 2246 Transla-

72 2255 276 2317 Scripturae
289 2257 329 2300 in
343 2256 430 2301 alias
442 2257 596 2319 linguas
608 2253 791 2300 versione
803 2270 907 2316 opus
919 2252 975 2298 est
991 2272 1000 2297 :
1027 2269 1123 2298 nam
1136 2258 1179 2298 &
1192 2252 1270 2315 ipse
1282 2257 1398 2299 Deus
1410 2251 1595 2298 familiari
1606 2252 1685 2296 lin-
1705 2252 1801 2289 tionis
1813 2249 1904 2287 scri-

73 2320 149 2382 gufi
162 2322 316 2382 populo
330 2321 400 2365 suo
412 2323 572 2367 locutus
583 2319 641 2365 est
660 2339 669 2365 ε
686 2336 866 2379 cumque
883 2336 925 2364 ea
937 2321 977 2364 in
992 2320 1208 2364 communi
1224 2319 1300 2364 usu
1313 2318 1396 2377 jam
1408 2315 1482 2363 effe
1495 2315 1675 2368 desierit,
1703 2315 1805 2355 pm*
1826 2318 1890 2343 η’·

74 2390 116 2431 &
140 2399 270 2430 tamen
283 2389 396 2432 Deus
408 2385 458 2432 ad
467 2400 603 2449 gentes
615 2388 736 2431 etiam
750 2385 925 2430 verbum
938 2385 1058 2429 suum
1073 2386 1222 2430 miserit
1235 2418 1247 2438 ‚
1262 2383 1388 2444 idque
1400 2383 1595 2429 omnibus
1607 2383 1685 2427 ob·
1709 2359 1840 2410 “slim‘'

75 2453 187 2497 vium
210 2467 252 2496 ac
274 2451 503 2514 expositum
516 2449 590 2498 esse
602 2452 724 2503 velit;
753 2453 796 2496 in
816 2452 1165 2513 vulgareslinguas
1178 2448 1279 2495 illud
1294 2451 1477 2495 converti
1505 2450 1684 2493 omnino

78 2513 217 2561 necesse
239 2515 306 2562 est.
341 2523 472 2563 Sermo
499 2517 642 2578 Christe
668 2516 863 2562 inhahitet
887 2525 927 2561 m
952 2516 1062 2561 vobis
1086 2516 1227 2578 copiose
1255 2533 1347 2560 cum
1360 2513 1680 2576 omniflzpientiffi.

76 2583 168 2627 Col.
186 2598 218 2642 3:
239 2591 301 2627 16.
337 2587 578 2629 Convertam
602 2584 836 2646 adpopulos
875 2581 1029 2630 labium
1050 2598 1204 2645 purum
1219 2614 1231 2637 ‚
1256 2596 1301 2628 ut
1315 2596 1544 2643 nuncupent
1558 2596 1689 2626 omnes

79 2665 212 2695 nomen
224 2646 402 2710 Jehovae.
438 2647 681 2715 Zeph.3:9.
1499 2649 1589 2694 VI.
1626 2648 1684 2693 Et
