2116 2901
363 117 437 163 DE
473 120 723 167 OPERissus
757 126 1059 182 CREA’rmNrs
1097 154 1151 186 IN
1186 157 1362 193 specuz.
1595 161 1677 221 285

50 209 126 242 nos
139 194 292 245 diutius
305 198 501 252 detineret
517 223 529 258 3
544 205 722 271 denique
734 226 782 259 ut
803 215 844 259 in
859 214 940 265 hoc
953 221 1003 267 ab
1015 223 1385 289 imperfectioribus
1398 235 1449 286 ad
1460 241 1680 302 perfeetio-

43 278 87 310 ra
108 263 316 328 progressu
350 271 571 333 imaginem
600 280 643 321 δε
667 282 873 343 exemplar
896 289 1265 343 consummationis
1293 301 1445 349 nostrae
1468 307 1677 369 spiritualis

20 326 268 378 ·exhiberet.
308 339 423 381 Deus
449 347 520 400 qni
543 342 649 387 dixit
671 359 722 388 ut
738 346 757 389 ὲ
771 348 939 397 tenebris
954 355 1028 400 lux
1043 357 1350 422 splendesceret,
1374 372 1555 435 isestqm
1567 380 1677 424 laxet

41 398 83 440 in
112 396 292 444 cordibus
320 402 460 462 nostris
483 407 539 451 ad
565 409 865 469 illustrationem
887 428 1114 482 cognitionis
1128 430 1262 494 gloriae
1283 437 1364 479 Dei
1388 443 1430 480 in
1471 447 1553 486 acie
1564 442 1674 505 Jefiz

44 461 200 517 Christi.
243 470 401 514 2.Cor.
417 485 462 531 4:
482 479 522 518 6.

112 531 168 574 V.
206 532 403 580 Dilutum
417 550 553 584 autem
567 539 626 586 est
640 577 652 592 ,
670 543 934 609 quodJudaei
946 568 997 597 ex
1009 551 1092 600 hoc
1106 559 1298 610 nascentis
1309 566 1458 613 mundi
1483 579 1666 634 ὲξκημέρω,
1690 588 1880 626 Judaeorum

39 593 152 639 velut
180 611 232 642 ex
257 596 438 648 themate
461 603 547 661 ejus
571 616 720 666 μνεῖικᾰῖ
739 645 750 665 ,
785 629 946 662 aetatem
961 634 1006 663 ac
1017 617 1279 673 durationem
1292 629 1376 690 ejus
1390 632 1572 683 divinare
1584 640 1666 687 aufi
1687 657 1727 680 ex
1744 643 1801 681 hoc
1822 644 1864 682 de

41 658 134 704 sunt
147 694 160 714 ‚
195 676 318 725 atque
330 683 418 713 earn
431 686 518 715 non
531 675 706 736 amplius
719 694 845 738 quam
861 683 926 728 sex
939 686 1051 732 mille
1063 705 1335 746 annorum,ac
1347 698 1520 762 septimo
1536 706 1665 751 mille-
1688 699 1815 762 mundj

36 726 151 770 nario
181 730 330 777 mundi
355 734 577 783 Sabbatum
603 744 644 785 &
670 741 799 790 finem
826 746 1016 796 futurum
1039 751 1255 812 dixerunt3
1286 764 1384 824 quia
1412 765 1534 814 videl.
1556 771 1664 834 apud
1685 751 1860 846 d'‘⁷³²{‘⁷7;⁷f

36 791 181 838 Deum
194 800 305 842 mille
318 802 520 858 anniſsmt
533 820 583 849 ut
595 808 676 853 dies
688 809 904 870 hesternus.
939 817 1038 864 Psal.
1051 837 1125 878 90:
1139 839 1183 884 4.
1682 819 1791 899 tezzm

99 862 177 906 VI.
218 865 379 911 Rursus
404 866 455 914 de
479 868 623 918 diebus
649 872 814 938 fingulis
827 884 1026 940 quaeritur
1038 919 1050 940 ‚
1082 904 1133 934 an
1147 906 1234 937 non
1247 891 1385 942 saltem
1400 896 1659 962 singulorum
1682 922 1740 953 An
1755 915 1877 968 fingu-

35 920 196 973 dierum
224 946 348 993 opera
361 935 485 980 unico
497 953 720 986 momento
733 946 909 1004 perfecta
922 947 1001 995 fint
1015 952 1032 997 ζ
1068 952 1120 999 ad
1132 973 1260 1017 quam
1275 961 1545 1021 quaestionem
1558 971 1656 1034 resp.
1676 971 1784 1008 lorum
1801 973 1858 1009 die
1867 994 1877 1002 ·

33 993 281 1042 creationem
305 996 428 1061 iplius
453 1003 631 1051 univerfi
659 1041 672 1062 ,
721 1007 803 1056 five
828 1017 1006 1061 materiae
1030 1017 1116 1076 ejus
1128 1055 1141 1074 3
1178 1024 1477 1077 considerando
1503 1067 1516 1087 ‚
1563 1052 1657 1095 quae
1679 1040 1757 1088 '⁸⁷3'
1780 1035 1875 1075 ΨΜ

37 1058 175 1118 primo
201 1059 268 1107 die
295 1066 456 1126 peracta
467 1067 525 1114 est
537 1104 549 1124 ,
585 1088 672 1119 eam
688 1090 861 1123 omnem
875 1079 1091 1129 necessario
1105 1090 1230 1134 unico
1243 1107 1464 1142 momento
1478 1097 1559 1145 five
1571 1102 1657 1165 spa·
1677 1094 1856 1172 xxiiam

34 1122 98 1167 tio
119 1125 359 1175 breviffimo
375 1130 451 1178 esse
462 1133 611 1183 factam
625 1155 636 1190 3
665 1156 751 1186 non
766 1141 901 1191 solum
915 1148 957 1191 in
970 1165 1131 1211 genere,
1146 1156 1374 1217 quiajuffui
1397 1179 1441 1208 ac
1454 1166 1655 1214 voluntati
1671 1189 1816 1236 perse&

35 1189 119 1235 Dei
133 1225 145 1245 ,
181 1193 253 1239 ubi
281 1213 500 1246 momento
514 1220 602 1248 rem
613 1221 800 1268 apparere
811 1208 928 1269 jubet
939 1248 953 1268 ‚
987 1214 1090 1261 nihil
1100 1219 1278 1268 refistere
1290 1230 1473 1287 potuerit
1485 1264 1497 1284 ‚
1532 1246 1655 1294 atque
1668 1241 1736 1292 fint
1751 1251 1767 1281 ἓ

32 1252 82 1300 ad
97 1255 182 1316 ejus
194 1261 416 1323 imperium
430 1269 578 1314 cuneta
592 1268 675 1317 fine
691 1275 769 1319 ulla
784 1292 900 1323 mora
912 1278 1038 1326 adeffe
1050 1281 1266 1334 debuerint
1280 1307 1291 1341 3
1307 1291 1372 1338 sed
1386 1298 1443 1348 δε,
1470 1297 1589 1357 quod
1609 1302 1652 1346 in

30 1320 158 1382 specie
182 1327 320 1387 primo
348 1328 426 1376 diei
440 1336 640 1394 peculiare
651 1337 709 1385 est
724 1373 737 1394 ,
773 1345 870 1401 quia
883 1348 1032 1392 creatio
1056 1353 1187 1411 prima
1200 1356 1492 1406 &immediata
1504 1396 1517 1416 ‚
1553 1381 1651 1412 cum

31 1383 136 1434 dicat
147 1390 430 1442 tranfitionem
449 1399 470 1442 a
483 1415 570 1445 non
584 1398 660 1448 esse
672 1403 722 1450 ad
734 1404 808 1452 effe
822 1442 833 1462 ‚
870 1409 1084 1459 necessario
1098 1434 1316 1467 momento
1337 1422 1409 1470 fiat
1422 1443 1433 1477 3
1450 1442 1525 1473 nec
1538 1431 1651 1478 aliter

29 1451 196 1519 intelligi
211 1474 333 1518 queat
348 1496 360 1516 ,
396 1479 493 1509 cum
514 1483 691 1515 creatura
705 1472 728 1515 a
739 1489 826 1518 non
839 1472 914 1523 effe
927 1476 977 1523 ad
990 1476 1065 1527 effe
1077 1498 1173 1529 cum
1188 1487 1322 1547 aliqua
1333 1507 1452 1536 mora
1464 1507 1551 1539 tran
1558 1495 1646 1551 lire,

29 1521 72 1563 ὅ(
93 1524 239 1583 partim
254 1522 331 1572 effe
344 1531 493 1590 partim
507 1548 594 1577 non
608 1532 686 1581 effe
698 1571 710 1591 ,
746 1554 833 1584 non
857 1541 981 1603 poffit
990 1561 1002 1596 3
1041 1545 1220 1610 denique
1232 1553 1352 1612 quod
1363 1555 1450 1602 idea
1463 1565 1646 1623 corporis

28 1587 70 1630 &
95 1589 247 1635 extenfi
261 1625 274 1645 ‚
310 1610 437 1653 quam
466 1594 662 1647 habemus
675 1636 686 1656 ‚
722 1620 808 1649 non
823 1608 997 1668 patiatur
1012 1612 1114 1658 illud
1128 1631 1200 1676 per
1212 1633 1340 1678 partes
1353 1637 1536 1670 creatum
1551 1625 1642 1683 effe,

26 1716 154 1763 tenfio
168 1754 180 1773 ,
216 1725 319 1783 quin
345 1725 470 1773 fimul
497 1730 686 1791 major&
700 1735 835 1794 major
846 1773 858 1793 ‚
893 1757 982 1785 lmO
997 1759 1040 1788 ea
1055 1747 1236 1794 universi
1253 1751 1274 1794 a
1288 1753 1407 1798 nobis
1419 1758 1638 1817 cogitetur.

28 1783 160 1846 Qod
184 1804 285 1833 vero
311 1790 531 1841 mediatam
556 1802 803 1847 creationem
817 1838 830 1857 ‚
865 1810 908 1851 &
931 1811 1108 1855 materiae
1119 1810 1202 1870 jam
1217 1815 1393 1863 conditae
1405 1818 1638 1868 distinetio-

0 1864 1 1890 ι
25 1861 121 1895 nem
132 1855 173 1897 ὃ(
186 1859 503 1906 exornationem
517 1863 666 1925 spectat
678 1900 690 1920 ,
727 1885 820 1928 quae
834 1870 1093 1931 sequentibus
1104 1876 1246 1925 diebus
1258 1880 1361 1928 faeta
1373 1884 1431 1930 est
1443 1920 1456 1940 ,
1492 1903 1533 1932 ea
1547 1905 1636 1935 non

25 1927 114 1960 uno
123 1933 345 1968 momento
358 1957 370 1978 ,
406 1925 471 1972 led
483 1930 616 1974 tractu
631 1933 772 1992 aliquo
786 1939 829 1979 δε
843 1953 960 1985 mora
973 1974 985 1994 ‚
1021 1957 1146 2002 prout
1169 1947 1285 1993 Deus
1295 1947 1409 2005 juffit
1421 1985 1433 2005 ‚
1457 1953 1634 2014 pei-festa

0 2001 3 2024 :
23 1979 197 2030 videtur.
231 1989 440 2050 Alioquin
462 1995 573 2039 enim
599 1999 714 2043 Deus
740 2016 825 2045 non
849 2018 953 2065 opus
965 2004 1160 2055 habuiffet
1174 2009 1337 2074 singulis
1349 2018 1539 2079 operibus
1551 2019 1633 2065 fin-

0 2062 4 2109 1
22 2047 138 2108 gulos
149 2049 229 2097 dies
242 2051 335 2100 dare
347 2089 360 2110 ,
396 2062 439 2102 δε
451 2057 625 2107 demum
638 2062 809 2125 septimo
823 2071 1024 2129 quiescere
1036 2089 1047 2123 3
1085 2091 1181 2120 cum
1205 2078 1382 2126 totidem
1408 2088 1633 2131 momentis

2 2128 4 2171 ss
22 2112 209 2173 perficere
219 2123 361 2167 omnia
374 2123 564 2184 potuisset
577 2161 589 2181 ‚
623 2129 712 2174 imo
725 2148 860 2178 revera
872 2136 1103 2196 perfecisset,
1117 2145 1159 2186 &
1172 2158 1257 2188 non
1270 2145 1443 2207 septimo
1456 2147 1629 2198 demum

1 2187 5 2223 ἔ
23 2175 166 2247 diesen}
180 2182 342 2247 lingulis
354 2187 705 2246 diebus‚absolut0
719 2196 832 2244 istius
844 2199 922 2246 diei
935 2205 1074 2265 pensO,
1087 2207 1419 2269 interquievillet.
1453 2226 1456 2230 '

51 2248 55 2254 '
87 2249 151 2292 VI
165 2251 187 2294 ἶ.
222 2253 308 2298 Res
331 2268 468 2301 autem
493 2274 579 2304 non
604 2276 748 2308 omnes
759 2279 897 2311 creatae
912 2268 1002 2314 sunt
1016 2270 1167 2318 eodem
1180 2275 1312 2322 modo
1330 2297 1339 2322 :
1365 2280 1626 2340 quarundam
1649 2285 1819 2322 C'Wu'*

4 2307 6 2352 ὲ
21 2309 128 2357 enirn
141 2248 277 2373 ictum
288 2318 501 2368 individua
512 2328 653 2371 omnia
666 2344 862 2391 perpetuo
876 2335 1059 2381 mansura
1071 2354 1199 2385 creata
1222 2342 1314 2388 sunt
1327 2378 1338 2397 ‚
1374 2347 1542 2392 aliarum
1555 2365 1626 2393 au·
1648 2339 1842 2428 nondeodeaen

3 2390 7 2420 2.
24 2380 259 2441 temxaliqua
282 2384 416 2432 solum
429 2421 441 2442 ,
467 2388 632 2451 speciem
646 2409 718 2456 per
729 2401 1068 2461 propagationem
1082 2406 1387 2456 conservatum:
1414 2413 1486 2457 alia
1498 2428 1625 2461 creata
1644 2403 1820 2486 5:⁹57me

5 2438 111 2488 ἱὲ-ἰῇῑ
124 2445 163 2489 in
179 2446 214 2491 se
227 2449 332 2511 ipsis,
346 2453 418 2498 alia
431 2455 472 2498 in
486 2456 561 2503 suis
572 2458 717 2512 caulis3
747 2477 794 2508 ut
807 2479 985 2512 meteora
998 2501 1010 2521 ,
1035 2473 1078 2514 &
1090 2471 1236 2517 inlecta
1249 2477 1377 2520 multa
1394 2497 1404 2522 :
1429 2479 1501 2523 alia
1513 2495 1621 2526 crea-

6 2526 9 2567 j
24 2505 132 2554 tione
145 2512 392 2573 immediata,
407 2520 478 2565 alia
492 2522 681 2580 mediata,
696 2543 745 2572 ex
757 2533 921 2577 materia
932 2531 1017 2589 jam
1029 2535 1231 2597 producta
1245 2573 1256 2593 ‚
1271 2540 1335 2586 sed
1347 2540 1514 2588 inhabili
1528 2579 1539 2597 ‚
1554 2548 1618 2591 cui

7 2585 10 2600 ·
24 2570 134 2630 Deus
154 2593 304 2629 certam
328 2598 468 2633 motus
492 2593 763 2650 quantitatem
786 2594 936 2645 indidit
947 2633 960 2654 ,
997 2616 1124 2658 quem
1147 2601 1262 2661 juxta
1272 2607 1377 2669 leges
1388 2607 1461 2671 ipsi
1471 2608 1618 2656 inditas

984 2667 1031 2712 N
1043 2681 1070 2710 n
1107 2683 1125 2729 3
1516 2688 1623 2722 tem-

8 2716 12 2790 ι

9 2799 14 2901 l
