2116 2901
12 161 15 221 ᾗ
268 139 354 184 DE
388 137 774 182 Sciam-rimas
809 135 1432 183 INTERPRETATIONE.
1616 154 1677 202 77

11 236 16 271 ἰ
55 228 136 276 fmii
146 227 315 279 volunt:
330 240 426 270 nam
439 220 640 284 expofitio
653 236 696 265 ea
708 234 916 266 certorum
929 217 1154 267 hominum
1166 223 1208 267 in
1234 221 1421 269 cathedra
1442 221 1667 271 sedentium

12 288 15 322 ζ
55 299 252 359 &proprio
264 306 375 336 motu
387 287 459 334 sese
471 289 586 349 loqui
600 287 961 348 pronunciantium
974 319 986 339 ‚
999 288 1064 332 vel
1076 288 1257 334 maxime
1270 287 1331 334 est
1344 286 1429 334 haec
1455 298 1526 337 32(ae
1551 301 1676 338 ἔφη’λυ-

55 387 108 414 „4
141 371 291 423 χμφςν
321 390 333 410 ,
377 370 504 415 quam
534 350 761 413 Apostolus
773 349 838 395 hic
850 351 1061 412 proscribit
1074 386 1086 405 ,
1115 370 1211 398 cum
1227 352 1297 399 fiat
1311 355 1332 398 a
1344 353 1486 417 spiritu
1498 357 1675 417 privato,

56 428 127 487 qui
151 442 235 471 non
258 422 444 483 loquitur
467 418 662 463 omnibus
688 451 701 471 ‚
748 433 821 462 nec
844 418 887 461 in
912 417 1145 463 universum
1169 417 1354 465 Ecclefiae
1397 435 1545 483 corpus
1568 419 1676 466 effu-

56 491 115 538 sus
127 490 196 537 est.

69 582 73 587 ·
121 556 368 601 XXXVIII.
402 553 517 595 Cum
542 547 642 594 vero
668 564 804 592 rerum
831 547 1029 593 sacrarum
1041 547 1243 607 judicium
1256 548 1352 595 fidei
1365 551 1522 596 lumine
1535 553 1674 614 praeci-
1695 555 1735 598 R
1746 573 1799 598 Ατ
1811 574 1821 598 ι
1834 570 1864 597 o

56 638 134 686 pue
144 638 219 668 con
226 619 322 665 stare
332 615 569 665 dixerimus,
583 630 715 675 operae
730 615 907 674 pretium
919 615 1007 667 erit,
1022 617 1113 674 quis
1125 623 1288 661 rationis
1312 617 1414 661 circa
1425 619 1672 679 Scripturarn
1693 616 1851 667 quomodo
1884 613 1891 627 ⁸

12 682 14 685 ¹
53 687 278 742 iacra‚mseu
291 680 481 745 mysteria
492 681 701 743 religionis
715 678 763 724 fit
774 677 880 736 usin,
916 678 1087 724 breviter
1100 678 1220 725 fimul
1233 695 1417 727 attexere,
1454 684 1671 728 Nimirum
1695 670 1743 708 ad
1765 684 1812 706 ’θ’
1833 681 1886 705 '²‘

12 795 13 798 ,
57 751 155 799 ficut
179 755 219 797 in
242 754 285 796 iis
309 765 401 810 quae
425 764 473 791 ex
497 743 752 791 naturalibus
766 745 938 802 fidemus
963 745 1266 807 cognoscuntur
1289 748 1392 791 ratio
1404 747 1440 792 se
1453 745 1573 793 habet
1585 764 1671 793 non
1693 724 1820 817 ἴῗῖἔζὲ
1833 727 1865 769 [⁶

58 818 189 864 lblum
211 832 257 862 ut
278 814 598 861 instrumentum
621 810 864 871 cognoscens
877 844 889 863 ‚
912 826 1058 856 verum
1081 812 1203 857 etiam
1227 825 1274 857 ut
1297 814 1544 875 principium
1558 818 1600 858 δε
1613 831 1675 859 ar.
1816 805 1830 817 ⁰

57 898 297 945 gumentum
310 879 554 943 cognitionis
581 896 590 921 :
618 878 673 922 ita
684 877 724 919 in
739 877 784 920 iis
796 892 888 935 quie
902 876 1018 937 supra
1028 878 1228 923 rationem
1242 877 1333 922 sunt
1347 882 1389 923 &
1401 896 1451 924 ex
1463 882 1678 924 revelatio-

61 968 107 995 ne
130 950 258 994 solum
285 944 586 1008 cognoscuntur
596 978 606 993 ,
641 945 743 987 ratio
768 939 1028 987 instrumenti
1052 943 1193 988 locum
1207 956 1370 988 tantum
1383 945 1525 1007 implet
1539 979 1552 997 ,
1577 962 1676 990 cum

61 1015 238 1078 cognitio
252 1014 314 1058 illa
327 1011 445 1055 omni
457 1027 506 1055 ex
520 1023 630 1072 parte
651 1006 748 1053 fidei
760 1006 820 1052 sit.
837 1008 875 1052 Si
889 1007 991 1052 vero
1004 1024 1062 1052 res
1072 1009 1126 1052 ita
1137 1010 1381 1054 revelatione
1393 1010 1666 1072 cognoscitur,

63 1094 108 1125 ut
128 1078 344 1142 postquam
370 1078 539 1122 revelata
562 1072 620 1119 est
633 1108 645 1127 ‚
669 1075 826 1120 ratione
849 1074 1021 1118 naturali
1043 1089 1216 1134 quoque
1238 1072 1510 1120 demonstrari
1537 1073 1677 1138 possit,

10 1158 13 1165 ·
64 1158 150 1190 tum
163 1147 298 1189 mixtae
311 1159 464 1189 natur-32
478 1140 533 1186 est
548 1175 559 1193 ‚
595 1142 691 1200 quia
707 1137 789 1184 fide
800 1140 1010 1183 &ratione
1024 1136 1145 1184 simul
1158 1140 1431 1201 cognoscitur.

11 1251 13 1261 ,
78 1227 82 1230 ’
128 1212 199 1259 ΧΧ
210 1214 245 1253 Χ
255 1212 325 1253 IX.
366 1212 497 1252 Porro
510 1220 710 1267 quatenus
733 1223 792 1250 res
798 1206 897 1266 fidei
910 1202 1148 1249 testimonio
1161 1207 1244 1251 Dei
1256 1204 1584 1267 nituntur,quod
1598 1204 1681 1252 fide

67 1277 246 1338 recipitur
259 1309 270 1329 ‚
295 1272 487 1319 hactenus
509 1287 613 1317 ratio
640 1270 899 1316 instrumenti
922 1271 1026 1315 vices
1040 1270 1173 1316 solum
1188 1269 1351 1317 sustinet
1369 1291 1378 1316 :
1393 1286 1592 1333 quatenus
1606 1289 1679 1317 au—

66 1356 144 1388 tem
157 1342 425 1386 examinamus
449 1340 623 1384 rationes
647 1351 812 1399 propter
825 1352 924 1396 quas
936 1338 1052 1380 Deus
1080 1334 1164 1381 fide
1177 1334 1324 1398 dignus
1336 1336 1408 1392 est,
1421 1339 1578 1398 nosque
1589 1353 1679 1383 eam

66 1408 121 1452 illi
137 1405 345 1452 deferimus
356 1440 368 1456 ‚
385 1403 579 1450 hactenus
592 1405 695 1448 ratio
708 1404 857 1447 iterum
870 1402 1054 1464 principii
1075 1407 1117 1447 &
1132 1404 1361 1464 argumenti
1375 1405 1478 1449 vices
1488 1417 1610 1449 tenet.

132 1474 166 1515 X
184 1476 232 1518 L.
266 1476 326 1517 Ita
348 1473 469 1516 etiam
492 1470 683 1514 revelatio
707 1467 859 1521 divina,
887 1481 1086 1527 quatenus
1098 1469 1218 1513 nobis
1240 1484 1310 1530 per
1322 1468 1548 1525 st’rmonem
1574 1471 1679 1515 Scri-

10 1567 12 1569 >
66 1551 188 1601 pturae
201 1542 242 1583 &
257 1535 363 1599 ligna
374 1537 439 1580 illa
450 1549 612 1580 externa
634 1533 846 1579 innotescit
859 1567 871 1587 ‚
886 1549 1041 1578 vocum
1065 1536 1108 1578 in
1120 1535 1325 1595 Scriptura
1337 1532 1612 1579 adhibitarum
1627 1534 1683 1580 fi-

11 1622 12 1625 *
65 1601 335 1666 gnificata‚nec
349 1617 435 1646 non
447 1602 727 1664 cognitionem
742 1615 879 1644 rerum
891 1599 1053 1644 illarum
1066 1617 1159 1660 quae
1172 1599 1342 1644 vocibus
1355 1598 1436 1645 istis
1449 1598 1681 1661 significan-

10 1700 12 1702 -
65 1667 225 1723 tur‚hoc
235 1667 305 1722 est,
318 1668 510 1713 naturales
522 1664 674 1711 nostras
685 1664 788 1710 ideas
800 1668 841 1710 &
855 1666 1044 1710 notiones
1057 1682 1156 1726 quas
1168 1663 1218 1710 de
1229 1665 1346 1710 rebus
1358 1663 1566 1717 habemus,
1574 1681 1680 1729 prae-

67 1733 276 1797 supponit:
302 1731 447 1778 harum
471 1748 570 1795 ergo
593 1748 748 1777 vocum
773 1735 815 1776 δε
840 1746 976 1775 rerum
1001 1729 1242 1793 fignificatio
1266 1747 1352 1775 non
1377 1729 1436 1776 est
1448 1730 1617 1793 petenda
1629 1749 1680 1777 ex

10 1796 12 1855 ζ
68 1801 276 1862 Scriptura,
294 1797 359 1844 sed
372 1815 420 1843 ex
431 1801 734 1858 ratione‚eaque
745 1797 931 1860 principii
943 1797 1085 1841 locum
1097 1799 1140 1841 in
1152 1798 1197 1841 iis
1208 1794 1328 1841 habet
1344 1815 1354 1841 z
1380 1795 1482 1842 adeo
1498 1811 1544 1842 ut
1557 1795 1607 1841 de
1618 1814 1680 1842 re-

10 1885 11 1888 *
68 1865 142 1910 bus
155 1866 198 1910 iis
209 1865 369 1928 proprie
381 1862 530 1922 judicet
542 1865 658 1914 rati03
676 1862 725 1908 de
737 1862 909 1908 vocibus
924 1865 966 1906 &
979 1864 1166 1907 oratione
1180 1862 1336 1907 usus:ut
1348 1876 1484 1907 autem
1498 1876 1682 1922 utroque

10 1964 11 1968 ,
69 1930 174 1976 reete
186 1944 347 1976 utamur
358 1929 450 1977 facit
462 1931 644 1992 Spiritus.
670 1929 764 1974 Ubi
778 1928 877 1973 vero
890 1943 1009 1973 voces
1020 1928 1095 1974 illae
1110 1931 1322 1990 Scripturae
1336 1929 1549 1990 peculiares
1562 1927 1653 1973 sunt
1666 1962 1680 1982 ,

10 2012 11 2032 1
68 2008 156 2040 tum
167 1997 322 2041 illarum
334 1997 606 2058 interpretatio
619 2011 668 2039 ex
681 1996 883 2057 Scriptura
895 2009 1067 2054 quoque
1078 1993 1248 2056 petenda
1259 1992 1329 2038 est.
1348 1992 1483 2056 Qod
1496 1998 1538 2039 ἃ
1553 1992 1683 2048 fieret,

72 2058 101 2105 s1
112 2064 223 2107 Deus
236 2078 357 2107 novas
368 2062 484 2106 nobis
496 2062 683 2105 revelaret
695 2058 798 2105 ideas
814 2079 822 2104 ε
848 2062 950 2104 circa
962 2057 1051 2104 istas
1062 2062 1173 2104 enim
1189 2062 1293 2105 ratio
1317 2059 1450 2104 solum
1463 2075 1682 2104 concurre-

70 2140 128 2172 ret
149 2140 192 2172 ut
205 2127 363 2172 facultas
377 2126 749 2172 &instrumentum
778 2123 827 2170 ad
842 2123 944 2169 ideas
955 2122 1043 2169 istas
1056 2123 1332 2186 intelligendas
1343 2130 1385 2170 8:
1399 2123 1683 2187 percipiendas.

134 2195 171 2236 X
184 2195 218 2237 L
231 2196 264 2237 I.
299 2194 502 2255 Qamvis
527 2206 662 2237 autem
686 2193 727 2236 in
752 2189 958 2236 ordinaria
972 2192 1213 2237 revelatione
1224 2189 1322 2236 ideae
1336 2189 1550 2248 nobisjam
1562 2204 1675 2235 notae
1692 2196 1695 2199 “

40 2276 45 2285 Χ
71 2257 422 2320 praesupponantur
432 2295 444 2310 ,
471 2259 714 2317 illarumque
727 2258 912 2319 cognitio
925 2254 975 2301 ad
987 2258 1188 2301 rationem
1202 2258 1395 2317 pertineat
1407 2273 1418 2308 ;
1433 2269 1568 2301 tamen
1581 2272 1685 2300 con-

9 2344 11 2358 τ
72 2319 225 2379 junctio
249 2339 382 2369 earum
407 2325 428 2369 a
452 2325 533 2369 sola
556 2324 799 2369 revelatione
824 2321 881 2367 est
893 2356 905 2376 ‚
938 2337 1064 2381 quaxn
1079 2324 1181 2367 ratio
1195 2321 1329 2367 solum
1342 2339 1412 2385 per
1424 2320 1603 2366 modum
1616 2323 1683 2365 in-

73 2384 278 2433 strumenti
300 2406 348 2435 ex
359 2391 483 2435 verbo
497 2392 578 2436 Dei
591 2390 758 2452 percipit
775 2407 783 2432 :
811 2390 863 2434 ita
877 2402 922 2432 ut
934 2385 1137 2445 judicium
1162 2386 1212 2432 de
1236 2386 1419 2432 idearum
1443 2389 1603 2432 illarum
1617 2388 1683 2431 su-

73 2455 303 2513 pernaturali
313 2454 604 2513 conjunctione
616 2471 702 2499 non
716 2453 884 2516 pendeat
897 2471 945 2498 ex
958 2469 1099 2499 natura
1113 2487 1125 2505 ‚
1138 2452 1202 2498 sed
1214 2469 1264 2497 ex
1277 2455 1532 2506 revelatione,
1559 2451 1684 2497 adeo-

8 2549 11 2555 .
75 2532 153 2576 que
174 2534 256 2563 non
269 2522 430 2565 rationis
444 2555 455 2574 ‚
474 2519 537 2565 std
551 2520 646 2565 fidei
662 2519 722 2564 sit.
762 2524 822 2564 Ita
845 2537 907 2564 ex.
921 2536 981 2581 gr.
996 2517 1098 2580 quid
1112 2522 1227 2564 Deus
1242 2554 1251 2568 ,
1271 2517 1374 2578 quid
1388 2517 1520 2563 homo
1535 2516 1583 2562 lit
1599 2551 1610 2568 ‚
1634 2535 1685 2562 cx

75 2584 311 2631 naturalibus
320 2584 414 2634 ideis
426 2601 575 2635 notum
588 2585 657 2633 est.
700 2587 791 2632 Illas
803 2600 939 2632 autern
954 2600 1112 2630 naturas
1136 2587 1178 2629 in
1203 2595 1404 2646 θωνθςώπῳ
1435 2582 1692 2644 conjungen-

231 2669 238 2675 ··
1016 2654 1058 2698 ἐς
1096 2667 1115 2712 3
1625 2647 1694 2693 das
