2116 2901
446 111 536 182 v‘164
865 118 1490 165 L113.I.CAPu·r
1556 114 1741 163 XXX.

448 207 590 251 locum
601 202 763 258 habeat,
787 203 852 248 alii
863 200 1071 248 modalem
1085 199 1392 247 distinctionem
1404 197 1470 246 hic
1482 198 1666 247 statuunt
1681 214 1694 251 ;
1722 196 1852 260 qualis
1865 194 2075 253 nimituni..

451 270 509 316 est
520 272 623 316 inter
633 267 813 315 modum
826 272 868 314 &
880 266 1141 314 substantiam
1153 283 1281 327 quam
1293 264 1521 312 modificat.
2052 264 2058 270 '

240 335 431 391 &quimo-
516 338 607 381 XX.
645 338 807 383 Verum
820 331 972 379 modus
981 331 1147 395 proprie
1159 335 1256 378 Deo
1267 331 1391 377 tribui
1404 347 1489 380 non
1502 327 1654 393 potest,
1666 327 1768 374 ficut
1779 328 1896 375 rebus
1907 331 2037 377 creatis
2047 336 2068 388 ,'

241 393 314 434 ff?
455 416 565 462 quae,
587 415 684 446 cum
697 397 823 446 finitae
837 397 931 453 sint,
954 395 1229 444 diversimode
1243 393 1362 451 affici,
1376 409 1497 456 atque
1510 393 1661 442 modos
1674 428 1686 448 ,
1698 395 1789 456 plus
1803 410 1930 455 quam
1941 397 2065 442 ratio.

454 482 505 511 ne
517 466 567 511 ab
578 464 670 528 ipfis
681 463 893 510 distincfms
905 499 917 516 ‚
932 461 1145 510 admittere
1160 459 1325 525 poffint.
1361 466 1423 508 At
1438 465 1554 507 Deus
1573 494 1586 514 ,
1602 461 1676 520 qui
1689 458 1746 504 est
1762 476 1829 504 ens
1840 458 2068 518 infinitum,

454 544 578 591 atque
601 532 743 578 omnia
765 546 835 593 per
856 529 969 575 suam
990 525 1194 574 essentiam
1208 524 1381 589 poffidet
1393 560 1406 581 ,
1419 524 1644 571 &infinito
1658 522 1789 570 modo
1803 524 2066 588 comprehen-

460 594 537 649 dit,
548 597 603 642 ita
615 593 845 642 modificari
857 596 1013 655 nequit,
1030 611 1125 640 curn
1139 591 1240 639 nihil
1251 606 1361 638 extra
1374 590 1458 651 ejus
1469 587 1673 637 essentiam
1686 623 1700 645 ,
1713 590 1782 636 vel
1795 590 1913 650 quod
1926 591 1976 637 ab
1985 593 2071 654 ipsa.

455 661 595 720 aliquo
608 659 740 706 modo
753 658 956 705 diversum
970 657 1033 712 fit,
1047 657 1120 720 ipsi
1134 658 1298 703 attribui
1310 655 1447 719 poffit.

521 728 636 771 XXI.
671 725 763 771 Nifi
787 724 892 770 forte
914 722 1092 770 modum
1105 723 1183 768 late
1197 723 1351 768 sumere
1364 723 1471 774 velis,
1499 735 1545 768 ut
1558 734 1674 768 notet
1685 736 1811 766 omne
1824 720 1941 782 quod
1954 723 2066 770 alicui

456 791 691 837 attribuitur
718 797 736 846 (
749 790 849 836 sicut
873 794 916 835 &
938 786 995 835 fic
1018 789 1209 834 attributa
1233 792 1329 833 Deo
1354 788 1595 833 tribuuntur
1606 792 1626 841 )4
1654 791 1695 831 &
1719 784 1772 831 fic
1796 786 2073 848 imperfecftio-
2109 813 2111 823 ·

458 871 555 900 nem
566 858 608 900 in
621 859 717 902 Deo
730 872 817 901 non
829 856 1004 908 notabit,
1028 870 1125 898 cum
1137 852 1285 899 divinae
1298 849 1467 899 effentiae
1480 852 1788 898 immutabiliter
1800 850 1892 897 insit
1902 887 1914 906 ‚
1949 867 2068 915 atque

457 936 528 983 pei·
549 922 774 983 analogiam
799 919 1007 982 quandam
1029 917 1072 965 id
1096 919 1345 963 vocabulum
1358 916 1408 963 ad
1420 922 1564 964 Deum
1587 916 1853 963 transferetur.
1888 919 2076 966 Balbuti--
2109 949 2112 973 ι

459 1002 551 1030 mus
564 983 630 1031 hic
641 989 766 1040 enim,
779 991 821 1031 &
832 987 1050 1040 terminos,
1063 986 1136 1043 qui
1149 982 1198 1028 de
1211 984 1396 1028 creaturis
1407 984 1570 1045 proprie
1583 983 1827 1044 usurpantur
1839 1015 1851 1035 ‚
1877 984 1993 1029 rebus
2007 983 2070 1030 di-

456 1051 560 1100 vinis
583 1053 827 1113 applicamus
841 1084 852 1104 ‚
876 1052 974 1111 quia
995 1064 1088 1106 non.
1106 1047 1302 1094 habemus
1326 1049 1443 1095 aliam
1456 1049 1652 1110 linguam.
1689 1050 1834 1108 Atque
1845 1045 1926 1093 hoc
1937 1050 2076 1112 ipsum⁴
2110 1060 2111 1067 ¹

456 1117 579 1162 ctiam
593 1117 614 1160 a
627 1118 829 1179 Scriptura
842 1116 903 1162 fit.
2110 1111 2111 1118 ¹

523 1184 664 1230 XXII.
696 1185 796 1228 Hoc
808 1199 905 1245 ergo
918 1197 1050 1227 unum
1063 1181 1196 1227 solum
1209 1179 1259 1226 de
1270 1184 1308 1227 S.
1322 1180 1524 1226 Trinitate
1536 1180 1692 1241 concipi
1706 1178 1849 1242 potest,
1879 1183 2021 1226 Deum
2033 1181 2068 1228 le
2110 1210 2113 1231 ς

458 1245 655 1302 revelasse,
682 1261 729 1294 ut
741 1265 874 1293 unum
887 1245 1043 1293 essentia
1054 1283 1065 1299 ‚
1083 1249 1136 1293 ita
1148 1261 1286 1293 tamen
1298 1260 1344 1292 ut
1356 1248 1398 1290 in
1411 1246 1456 1291 e'a
1471 1241 1628 1290 essentia
1642 1243 1720 1290 sint
1734 1243 1923 1306 quaedam
1937 1280 1949 1300 ‚
1976 1263 2076 1307 quat
2110 1296 2113 1304 ,

457 1327 544 1358 non
558 1314 649 1358 sunt
662 1310 812 1359 diversa
824 1316 1008 1364 nomina,
1023 1329 1094 1358 nec
1108 1313 1312 1366 attributa,
1329 1327 1401 1356 nec
1412 1309 1777 1364 denominationes,
1791 1308 1856 1356 sed
1868 1312 1947 1355 alio
1960 1328 2075 1372 quo-
2110 1307 2112 1343 3

458 1375 555 1423 dam
580 1377 711 1424 modo
734 1376 922 1424 differant
939 1398 947 1423 ε
974 1374 1065 1437 quo
1077 1392 1213 1423 autem
1228 1375 1379 1431 modo,
1391 1373 1732 1437 comprehendere
1746 1392 1831 1421 non
1845 1373 2076 1437 possumus,
2110 1402 2113 1407 Α

456 1457 531 1488 nec
553 1443 584 1502 'ej
592 1460 635 1489 us
646 1445 699 1489 rei
713 1459 957 1506 conceptum
969 1442 1144 1489 formare
1154 1460 1166 1495 3
1195 1440 1378 1503 adeoque
1389 1441 1453 1488 hic
1467 1438 1775 1486 subfistendum.
1805 1444 1860 1487 Et
1872 1440 2076 1503 praestitis-

460 1507 514 1555 set
525 1525 669 1554 omnes
685 1507 939 1555 Christianos
952 1507 1017 1553 hic
1030 1505 1238 1554 substitisse
1250 1541 1262 1562 ‚
1277 1524 1372 1553 cum
1386 1524 1457 1553 nec
1469 1507 1674 1559 revelatio,
1686 1522 1757 1551 nec
1769 1507 1874 1551 ratio
1896 1507 2007 1568 plura
2019 1505 2077 1554 de·

459 1589 509 1617 co
521 1572 692 1622 doceant
705 1609 717 1628 ,
730 1574 831 1620 ficut
843 1577 885 1620 in
899 1576 980 1619 aliis
993 1573 1196 1636 dogmatis
1209 1608 1220 1628 ,
1235 1573 1305 1618 ubi
1318 1572 1382 1617 seu
1396 1573 1598 1625 revelatio,
1617 1570 1684 1615 seu
1696 1573 1800 1617 ratio
1813 1570 2002 1617 distinete
2019 1570 2070 1620 de

458 1639 504 1683 iis
517 1641 646 1684 multa
657 1639 806 1685 docent
820 1659 830 1684 ε
856 1638 973 1700 quod
986 1637 1051 1684 hic
1064 1655 1150 1684 non
1164 1638 1213 1685 f1t
1225 1673 1238 1693 ,
1265 1639 1334 1683 ubi
1348 1655 1436 1684 rem
1449 1652 1578 1684 totam
1605 1636 1822 1699 intelligere
1834 1652 1919 1681 non
1933 1634 2075 1698 poffu..

461 1719 567 1750 mus.
601 1708 658 1750 Et
683 1707 870 1765 quamvis
896 1701 1145 1750 tutiffimum
1170 1704 1218 1750 sit
1231 1706 1349 1764 loqui
1361 1705 1575 1766 Scripturae
1591 1701 1718 1747 verbis
1731 1736 1743 1756 ‚
1780 1716 1916 1748 tamen
1929 1706 1970 1747 &
1982 1700 2077 1750 haec.
2112 1731 2114 1739 ›

246 1827 255 1832 .
458 1768 538 1830 ipsa
549 1767 717 1816 dicenda
728 1771 819 1816 sunt
834 1772 856 1815 a
867 1771 987 1815 nobis
1002 1786 1087 1814 non
1102 1769 1218 1832 plene
1234 1771 1416 1831 intelligi.
1458 1766 1459 1769 ¹

246 1834 424 1872 Diffinftio
521 1838 679 1880 XXIII.
704 1840 815 1882 Inter
837 1835 1022 1898 personas
1042 1835 1140 1897 ipsas
1164 1834 1296 1893 major
1307 1833 1468 1880 videtur
1479 1831 1553 1879 effe
1563 1832 1771 1879 distinctio
1787 1853 1797 1879 :
1825 1835 1928 1880 circa
1941 1850 2076 1895 quam:
2112 1831 2114 1844 ἶ

238 1891 391 1949 &fflfi’ff'
454 1896 604 1961 duplex
628 1899 817 1946 vitandus
837 1900 894 1947 est
919 1902 1105 1963 scopulus
1129 1919 1139 1945 ε
1169 1918 1204 1946 1.
1218 1900 1534 1946 Sabellianismus
1547 1933 1560 1953 ‚
1596 1901 1757 1944 unicam
1769 1913 1931 1946 tantum
1944 1899 2077 1946 statu*
2112 1903 2113 1928 ³

237 1957 321 2049 ἕῳ
337 1953 423 1980 mter
455 1980 521 2010 ens
545 1965 769 2026 personam,
797 1982 890 2025 quae
914 1980 1079 2028 propter
1104 1963 1280 2011 diversos
1301 1963 1467 2012 effeetus
1493 1978 1562 2010 aut
1573 1966 1769 2026 respeetus
1796 1964 1927 2012 modo
1940 1970 2078 2021 Pater,²
2111 1986 2116 2023 ς

289 2028 298 2035 ’
455 2028 587 2077 modo
600 2031 733 2081 Filius,
755 2028 886 2076 modo
899 2034 965 2092 Sp.
977 2034 1015 2076 S.
1030 2031 1263 2093 appelletur;
1279 2029 1380 2076 ficut
1392 2043 1559 2093 propter
1573 2028 1723 2075 diversa
1734 2028 1878 2075 esseesta
1890 2032 1961 2075 uni
1973 2033 2078 2076 Deo·
2112 2025 2114 2035 ¹

242 2103 321 2152 (ubi
335 2105 435 2144 vita—n
456 2094 606 2143 diversa
619 2096 898 2141 attribuuntur
910 2096 1115 2143 attributa.
1144 2097 1234 2155 Qi
1246 2111 1374 2158 nuper
1386 2097 1507 2141 etiam
1521 2097 1668 2141 Serveti
1681 2095 1757 2140 fuit
1770 2112 1896 2141 error.
1908 2100 2076 2142 Verum.

242 2162 316 2223 das-
336 2174 342 2193 ·
357 2166 434 2221 33⁴³·
458 2157 618 2205 diversae
632 2160 894 2221 personarum
907 2162 1095 2206 notiones
1104 2194 1116 2213 ‚
1135 2173 1280 2223 utpote
1293 2163 1432 2214 Patris,
1448 2161 1536 2206 Filii
1550 2179 1561 2204 ε
1586 2165 1785 2206 Dominus
1796 2161 1903 2206 dixit
1913 2161 2039 2207 adme
2049 2177 2074 2214 ς,

244 2214 407 2264 beluams-
458 2227 584 2270 Filius
610 2242 719 2270 meus
731 2243 769 2270 es
782 2240 843 2280 tn,
863 2243 927 2288 ego
941 2225 1052 2271 hodie
1055 2233 1179 2288 genui
1191 2241 1241 2271 te.
1267 2226 1411 2272 Psal.2:
1425 2243 1466 2288 7.
1495 2227 1592 2278 Dei,
1606 2227 1834 2272 Sermonis:
1863 2230 2072 2288 Inprinci-v

236 2281 332 2315 ’mm‘
454 2297 518 2353 pio
533 2305 621 2334 erat
633 2294 767 2334 Sermo
778 2306 789 2341 ;
823 2297 870 2343 &⁴
883 2295 1016 2337 Sermo
1031 2306 1119 2335 erat
1131 2291 1241 2354 apud
1251 2295 1389 2338 Deum
1402 2308 1413 2341 ;
1431 2292 1480 2344 &⁴
1490 2296 1603 2337 Deus
1615 2306 1700 2336 erat
1713 2296 1861 2337 Sermo.
1891 2294 1970 2337 Hic
1980 2304 2074 2336 erati·

461 2362 501 2398 in
517 2361 705 2416 principio
728 2356 839 2417 apud
856 2359 1006 2400 Deum.
1023 2354 1127 2419 J'oh.
1146 2373 1182 2402 1:
1202 2374 1237 2410 1,
1255 2373 1292 2401 2.
1322 2358 1450 2402 trium
1475 2353 1640 2401 testium
1655 2374 1665 2400 ε
1701 2360 1796 2402 Tres
1810 2355 1913 2413 fimt
1923 2363 1994 2417 qus'
2005 2370 2066 2401 te-

449 2420 620 2478 stantur
640 2426 682 2465 ἐκ
695 2422 784 2465 coelo
800 2452 810 2472 ,
836 2424 958 2465 Pater
967 2454 980 2470 ,
1008 2426 1143 2465 Sermo
1158 2428 1204 2474 (ῤ’
1217 2425 1387 2483 Spiritus
1399 2423 1591 2472 Sanstuss
1614 2427 1661 2473 ᾤ’
1673 2420 1715 2465 hi
1729 2436 1805 2466 tres
1817 2420 2074 2480 unumfgmt..

466 2500 483 2528 1
493 2482 611 2546 .Joh.
630 2498 665 2541 5:
680 2502 723 2546 7.
762 2489 806 2528 δε
831 2501 923 2544 quae
947 2483 1112 2546 singulis
1136 2502 1276 2531 earum
1299 2487 1581 2532 attribuuntur
1604 2487 1861 2547 proprietates
1874 2490 1916 2530 &
1929 2500 2063 2546 opera,

452 2550 581 2612 ..longe
612 2547 723 2599 aliud
755 2565 884 2614 quam
907 2550 1175 2601 trinominem
1197 2549 1394 2605 duntaxat
1416 2553 1612 2601 unitatem
1634 2548 1821 2599 efferunt.
1869 2547 2028 2662 Undfkt
2021 2553 2071 2594 &1

1934 2616 1978 2662 C
2027 2613 2071 2661 ie·-
