<?xml version="1.0" encoding="UTF-8"?>
<!DOCTYPE html PUBLIC "-//W3C//DTD XHTML 1.0 Transitional//EN"
    "http://www.w3.org/TR/xhtml1/DTD/xhtml1-transitional.dtd">
<html xmlns="http://www.w3.org/1999/xhtml" xml:lang="en" lang="en">
 <head>
  <title>
</title>
<meta http-equiv="Content-Type" content="text/html;charset=utf-8" />
  <meta name='ocr-system' content='tesseract 3.04.00' />
  <meta name='ocr-capabilities' content='ocr_page ocr_carea ocr_par ocr_line ocrx_word'/>
</head>
<body>
  <div class='ocr_page' id='page_1' title='image "./francisciburmann00burm/francisciburmann00burm_0030.png"; bbox 0 0 2116 2901; ppageno 0'>
   <div class='ocr_carea' id='block_1_1' title="bbox 524 168 1997 2649">
    <p class='ocr_par' dir='ltr' id='par_1_1' title="bbox 524 168 1997 2649">
     <span class='ocr_line' id='line_1_1' title="bbox 529 168 1847 239; baseline -0.005 -17"><span class='ocrx_word' id='word_1_1' title='bbox 529 175 749 239; x_wconf 86' lang='lat' dir='ltr'>Temporis</span> <span class='ocrx_word' id='word_1_2' title='bbox 770 188 1007 224; x_wconf 83' lang='lat' dir='ltr'><strong>extremum</strong></span> <span class='ocrx_word' id='word_1_3' title='bbox 1031 172 1103 219; x_wconf 77' lang='lat' dir='ltr'><strong>sese</strong></span> <span class='ocrx_word' id='word_1_4' title='bbox 1125 170 1297 235; x_wconf 83' lang='lat' dir='ltr'><strong>explicat</strong></span> <span class='ocrx_word' id='word_1_5' title='bbox 1318 168 1412 217; x_wconf 89' lang='lat' dir='ltr'><strong>inde</strong></span> <span class='ocrx_word' id='word_1_6' title='bbox 1433 170 1652 221; x_wconf 79' lang='lat' dir='ltr'><strong>volumen,</strong></span> <span class='ocrx_word' id='word_1_7' title='bbox 1821 171 1847 195; x_wconf 37' lang='grc' dir='ltr'><strong>ἦ*</strong></span> 
     </span>
     <span class='ocr_line' id='line_1_2' title="bbox 587 250 1473 318; baseline -0.005 -15"><span class='ocrx_word' id='word_1_8' title='bbox 587 256 688 303; x_wconf 90' lang='lat' dir='ltr'><strong>Inde</strong></span> <span class='ocrx_word' id='word_1_9' title='bbox 710 257 803 302; x_wconf 89' lang='lat' dir='ltr'><strong>orbi</strong></span> <span class='ocrx_word' id='word_1_10' title='bbox 826 254 990 302; x_wconf 77' lang='lat' dir='ltr'><strong>tandem</strong></span> <span class='ocrx_word' id='word_1_11' title='bbox 1013 253 1179 318; x_wconf 77' lang='lat' dir='ltr'><strong>pristina</strong></span> <span class='ocrx_word' id='word_1_12' title='bbox 1200 253 1334 301; x_wconf 86' lang='lat' dir='ltr'><strong>forma</strong></span> <span class='ocrx_word' id='word_1_13' title='bbox 1355 250 1473 299; x_wconf 86' lang='lat' dir='ltr'><strong>redit.</strong></span> 
     </span>
     <span class='ocr_line' id='line_1_3' title="bbox 525 331 1535 399; baseline -0.003 -18"><span class='ocrx_word' id='word_1_14' title='bbox 525 338 737 399; x_wconf 81' lang='lat' dir='ltr'><strong>Tempore</strong></span> <span class='ocrx_word' id='word_1_15' title='bbox 759 354 856 383; x_wconf 90' lang='lat' dir='ltr'><strong>cum</strong></span> <span class='ocrx_word' id='word_1_16' title='bbox 879 338 1026 399; x_wconf 82' lang='lat' dir='ltr'><strong>pleno,</strong></span> <span class='ocrx_word' id='word_1_17' title='bbox 1055 331 1130 382; x_wconf 80' lang='lat' dir='ltr'><strong>sese</strong></span> <span class='ocrx_word' id='word_1_18' title='bbox 1152 331 1348 386; x_wconf 84' lang='lat' dir='ltr'><strong>emerfiffe</strong></span> <span class='ocrx_word' id='word_1_19' title='bbox 1368 334 1535 396; x_wconf 85' lang='lat' dir='ltr'><strong>superne</strong></span> 
     </span>
     <span class='ocr_line' id='line_1_4' title="bbox 582 416 1325 472; baseline 0 -10"><span class='ocrx_word' id='word_1_20' title='bbox 582 420 681 462; x_wconf 84' lang='lat' dir='ltr'><strong>Lux</strong></span> <span class='ocrx_word' id='word_1_21' title='bbox 704 421 747 462; x_wconf 72' lang='grc' dir='ltr'><strong>ἅτ</strong></span> <span class='ocrx_word' id='word_1_22' title='bbox 768 417 928 463; x_wconf 82' lang='lat' dir='ltr'><strong>libertas</strong></span> <span class='ocrx_word' id='word_1_23' title='bbox 950 433 1091 472; x_wconf 81' lang='lat' dir='ltr'><strong>aurea,</strong></span> <span class='ocrx_word' id='word_1_24' title='bbox 1134 417 1212 462; x_wconf 82' lang='lat' dir='ltr'><strong>visa</strong></span> <span class='ocrx_word' id='word_1_25' title='bbox 1233 416 1325 462; x_wconf 81' lang='lat' dir='ltr'><strong>fuit.</strong></span> 
     </span>
     <span class='ocr_line' id='line_1_5' title="bbox 524 494 1635 562; baseline -0.002 -19"><span class='ocrx_word' id='word_1_26' title='bbox 524 500 651 544; x_wconf 89' lang='lat' dir='ltr'><strong>Tunc</strong></span> <span class='ocrx_word' id='word_1_27' title='bbox 674 514 783 545; x_wconf 86' lang='lat' dir='ltr'><strong>nova</strong></span> <span class='ocrx_word' id='word_1_28' title='bbox 807 501 882 545; x_wconf 84' lang='lat' dir='ltr'><strong>lux</strong></span> <span class='ocrx_word' id='word_1_29' title='bbox 906 500 1017 546; x_wconf 88' lang='lat' dir='ltr'><strong>terris</strong></span> <span class='ocrx_word' id='word_1_30' title='bbox 1036 512 1200 562; x_wconf 79' lang='lat' dir='ltr'><strong>gratum</strong></span> <span class='ocrx_word' id='word_1_31' title='bbox 1225 494 1400 560; x_wconf 76' lang='lat' dir='ltr'><strong>aspirasse</strong></span> <span class='ocrx_word' id='word_1_32' title='bbox 1422 495 1610 543; x_wconf 89' lang='lat' dir='ltr'><strong>decorem</strong></span> <span class='ocrx_word' id='word_1_33' title='bbox 1624 531 1635 547; x_wconf 92' lang='lat'><em>,</em></span> 
     </span>
     <span class='ocr_line' id='line_1_6' title="bbox 583 567 1385 644; baseline 0.002 -20"><span class='ocrx_word' id='word_1_34' title='bbox 583 581 642 625; x_wconf 81' lang='lat' dir='ltr'><strong>Et</strong></span> <span class='ocrx_word' id='word_1_35' title='bbox 666 582 766 627; x_wconf 85' lang='lat' dir='ltr'><strong>visus</strong></span> <span class='ocrx_word' id='word_1_36' title='bbox 795 582 953 644; x_wconf 79' lang='lat' dir='ltr'><strong>Superis</strong></span> <span class='ocrx_word' id='word_1_37' title='bbox 976 582 1210 627; x_wconf 71' lang='lat' dir='ltr'><strong>conciliatus</strong></span> <span class='ocrx_word' id='word_1_38' title='bbox 1233 567 1385 626; x_wconf 66' lang='lat' dir='ltr'><strong>honos.⁴</strong></span> 
     </span>
     <span class='ocr_line' id='line_1_7' title="bbox 526 661 1598 726; baseline 0 -22"><span class='ocrx_word' id='word_1_39' title='bbox 526 662 642 706; x_wconf 90' lang='lat' dir='ltr'><strong>Cum</strong></span> <span class='ocrx_word' id='word_1_40' title='bbox 664 665 810 725; x_wconf 53' lang='lat' dir='ltr'><strong>Deus,x</strong></span> <span class='ocrx_word' id='word_1_41' title='bbox 840 676 886 708; x_wconf 89' lang='lat' dir='ltr'><strong>ut</strong></span> <span class='ocrx_word' id='word_1_42' title='bbox 910 664 1031 726; x_wconf 86' lang='lat' dir='ltr'><strong>pleno</strong></span> <span class='ocrx_word' id='word_1_43' title='bbox 1056 678 1132 707; x_wconf 83' lang='lat' dir='ltr'><strong>nos</strong></span> <span class='ocrx_word' id='word_1_44' title='bbox 1156 663 1250 708; x_wconf 84' lang='lat' dir='ltr'><strong>coeli</strong></span> <span class='ocrx_word' id='word_1_45' title='bbox 1273 663 1435 724; x_wconf 83' lang='lat' dir='ltr'><strong>proluat</strong></span> <span class='ocrx_word' id='word_1_46' title='bbox 1456 661 1598 714; x_wconf 69' lang='lat' dir='ltr'><strong>alveo,</strong></span> 
     </span>
     <span class='ocr_line' id='line_1_8' title="bbox 587 737 1648 806; baseline -0.001 -20"><span class='ocrx_word' id='word_1_47' title='bbox 587 739 661 786; x_wconf 90' lang='lat' dir='ltr'><strong>Ad</strong></span> <span class='ocrx_word' id='word_1_48' title='bbox 684 741 865 789; x_wconf 80' lang='lat' dir='ltr'><strong>nostram</strong></span> <span class='ocrx_word' id='word_1_49' title='bbox 889 745 931 788; x_wconf 90' lang='lat' dir='ltr'><strong>in</strong></span> <span class='ocrx_word' id='word_1_50' title='bbox 955 742 1099 789; x_wconf 87' lang='lat' dir='ltr'><strong>nostro</strong></span> <span class='ocrx_word' id='word_1_51' title='bbox 1125 759 1299 806; x_wconf 83' lang='lat' dir='ltr'><strong>corpore</strong></span> <span class='ocrx_word' id='word_1_52' title='bbox 1312 742 1404 788; x_wconf 86' lang='lat' dir='ltr'><strong>vifit</strong></span> <span class='ocrx_word' id='word_1_53' title='bbox 1429 737 1610 787; x_wconf 87' lang='lat' dir='ltr'><strong>humum</strong></span> <span class='ocrx_word' id='word_1_54' title='bbox 1635 758 1648 785; x_wconf 74' lang='lat' dir='ltr'><strong>t</strong></span> 
     </span>
     <span class='ocr_line' id='line_1_9' title="bbox 527 819 1564 877; baseline 0 -12"><span class='ocrx_word' id='word_1_55' title='bbox 527 822 769 869; x_wconf 82' lang='lat' dir='ltr'>Humanam</span> <span class='ocrx_word' id='word_1_56' title='bbox 796 823 966 870; x_wconf 86' lang='lat' dir='ltr'><strong>indutus</strong></span> <span class='ocrx_word' id='word_1_57' title='bbox 988 837 1201 875; x_wconf 77' lang='lat' dir='ltr'><strong>naturam,</strong></span> <span class='ocrx_word' id='word_1_58' title='bbox 1229 819 1363 877; x_wconf 82' lang='lat' dir='ltr'><strong>dona,</strong></span> <span class='ocrx_word' id='word_1_59' title='bbox 1397 826 1564 866; x_wconf 83' lang='lat' dir='ltr'><strong>Parente</strong></span> 
     </span>
     <span class='ocr_line' id='line_1_10' title="bbox 591 902 1558 967; baseline -0.003 -16"><span class='ocrx_word' id='word_1_60' title='bbox 591 910 701 966; x_wconf 80' lang='lat' dir='ltr'><strong>Qae</strong></span> <span class='ocrx_word' id='word_1_61' title='bbox 725 906 926 952; x_wconf 84' lang='lat' dir='ltr'><strong>tribuente</strong></span> <span class='ocrx_word' id='word_1_62' title='bbox 949 907 1044 952; x_wconf 84' lang='lat' dir='ltr'><strong>tulit</strong></span> <span class='ocrx_word' id='word_1_63' title='bbox 1065 903 1229 967; x_wconf 73' lang='lat' dir='ltr'><strong>grandia</strong></span> <span class='ocrx_word' id='word_1_64' title='bbox 1244 939 1256 958; x_wconf 85' lang='grc'>,</span> <span class='ocrx_word' id='word_1_65' title='bbox 1291 903 1400 949; x_wconf 69' lang='lat' dir='ltr'><strong>dona</strong></span> <span class='ocrx_word' id='word_1_66' title='bbox 1420 902 1558 949; x_wconf 82' lang='lat' dir='ltr'><strong>dedit:</strong></span> 
     </span>
     <span class='ocr_line' id='line_1_11' title="bbox 528 984 1523 1045; baseline 0.001 -16"><span class='ocrx_word' id='word_1_67' title='bbox 528 985 696 1032; x_wconf 82' lang='lat' dir='ltr'><strong>Viribus</strong></span> <span class='ocrx_word' id='word_1_68' title='bbox 718 984 828 1034; x_wconf 80' lang='lat' dir='ltr'><strong>haud</strong></span> <span class='ocrx_word' id='word_1_69' title='bbox 842 988 939 1038; x_wconf 79' lang='lat' dir='ltr'><strong>inis,</strong></span> <span class='ocrx_word' id='word_1_70' title='bbox 979 986 1066 1032; x_wconf 79' lang='lat' dir='ltr'><strong>nisu</strong></span> <span class='ocrx_word' id='word_1_71' title='bbox 1090 991 1132 1032; x_wconf 88' lang='lat'>&amp;</span> <span class='ocrx_word' id='word_1_72' title='bbox 1157 985 1310 1045; x_wconf 79' lang='lat' dir='ltr'><strong>majore</strong></span> <span class='ocrx_word' id='word_1_73' title='bbox 1333 984 1523 1036; x_wconf 74' lang='lat' dir='ltr'><strong>canenda,</strong></span> 
     </span>
     <span class='ocr_line' id='line_1_12' title="bbox 584 1063 1665 1128; baseline 0 -19"><span class='ocrx_word' id='word_1_74' title='bbox 584 1065 764 1115; x_wconf 80' lang='lat' dir='ltr'><strong>Flamine</strong></span> <span class='ocrx_word' id='word_1_75' title='bbox 788 1083 880 1127; x_wconf 82' lang='lat' dir='ltr'><strong>quae</strong></span> <span class='ocrx_word' id='word_1_76' title='bbox 904 1067 1067 1120; x_wconf 58' lang='lat' dir='ltr'><strong>fimetm</strong></span> <span class='ocrx_word' id='word_1_77' title='bbox 1102 1065 1238 1121; x_wconf 79' lang='lat' dir='ltr'><strong>dona,</strong></span> <span class='ocrx_word' id='word_1_78' title='bbox 1274 1069 1465 1128; x_wconf 80' lang='lat' dir='ltr'><strong>pluente,</strong></span> <span class='ocrx_word' id='word_1_79' title='bbox 1501 1063 1665 1110; x_wconf 80' lang='lat' dir='ltr'><strong>cadunt.</strong></span> 
     </span>
     <span class='ocr_line' id='line_1_13' title="bbox 533 1144 1606 1208; baseline 0.002 -21"><span class='ocrx_word' id='word_1_80' title='bbox 533 1147 579 1187; x_wconf 88' lang='lat' dir='ltr'>O</span> <span class='ocrx_word' id='word_1_81' title='bbox 605 1147 695 1204; x_wconf 83' lang='lat' dir='ltr'><strong>quis</strong></span> <span class='ocrx_word' id='word_1_82' title='bbox 718 1162 785 1191; x_wconf 92' lang='lat' dir='ltr'><strong>me</strong></span> <span class='ocrx_word' id='word_1_83' title='bbox 806 1145 946 1192; x_wconf 86' lang='lat' dir='ltr'><strong>dextra</strong></span> <span class='ocrx_word' id='word_1_84' title='bbox 969 1149 1117 1192; x_wconf 82' lang='lat' dir='ltr'><strong>nixum</strong></span> <span class='ocrx_word' id='word_1_85' title='bbox 1140 1145 1259 1208; x_wconf 85' lang='lat' dir='ltr'><strong>super</strong></span> <span class='ocrx_word' id='word_1_86' title='bbox 1283 1144 1431 1192; x_wconf 68' lang='lat' dir='ltr'><strong>aethera</strong></span> <span class='ocrx_word' id='word_1_87' title='bbox 1459 1145 1577 1189; x_wconf 76' lang='lat' dir='ltr'><strong>tollat</strong></span> <span class='ocrx_word' id='word_1_88' title='bbox 1592 1177 1606 1197; x_wconf 83' lang='lat'>,</span> 
     </span>
     <span class='ocr_line' id='line_1_14' title="bbox 591 1224 1447 1289; baseline 0.001 -19"><span class='ocrx_word' id='word_1_89' title='bbox 591 1226 800 1289; x_wconf 83' lang='lat' dir='ltr'><strong>Usurpare</strong></span> <span class='ocrx_word' id='word_1_90' title='bbox 825 1229 953 1273; x_wconf 82' lang='lat' dir='ltr'><strong>oculis</strong></span> <span class='ocrx_word' id='word_1_91' title='bbox 975 1242 1160 1289; x_wconf 80' lang='lat' dir='ltr'><strong>tempora</strong></span> <span class='ocrx_word' id='word_1_92' title='bbox 1184 1240 1296 1272; x_wconf 80' lang='lat' dir='ltr'><strong>terna</strong></span> <span class='ocrx_word' id='word_1_93' title='bbox 1322 1224 1447 1271; x_wconf 80' lang='lat' dir='ltr'><strong>meis!</strong></span> 
     </span>
     <span class='ocr_line' id='line_1_15' title="bbox 528 1296 1594 1368; baseline 0.001 -18"><span class='ocrx_word' id='word_1_94' title='bbox 528 1306 770 1368; x_wconf 77' lang='lat' dir='ltr'><strong>Natalesque</strong></span> <span class='ocrx_word' id='word_1_95' title='bbox 791 1309 915 1353; x_wconf 87' lang='lat' dir='ltr'><strong>libros</strong></span> <span class='ocrx_word' id='word_1_96' title='bbox 938 1307 1085 1355; x_wconf 86' lang='lat' dir='ltr'><strong>mundi</strong></span> <span class='ocrx_word' id='word_1_97' title='bbox 1109 1305 1313 1367; x_wconf 83' lang='lat' dir='ltr'><strong>fideique,</strong></span> <span class='ocrx_word' id='word_1_98' title='bbox 1349 1307 1441 1366; x_wconf 82' lang='lat' dir='ltr'><strong>quis</strong></span> <span class='ocrx_word' id='word_1_99' title='bbox 1463 1296 1549 1351; x_wconf 82' lang='lat' dir='ltr'><strong>uno</strong></span> <span class='ocrx_word' id='word_1_100' title='bbox 1563 1339 1594 1360; x_wconf 41' lang='grc' dir='ltr'><strong>,Ξ</strong></span> 
     </span>
     <span class='ocr_line' id='line_1_16' title="bbox 592 1386 1485 1451; baseline 0.001 -20"><span class='ocrx_word' id='word_1_101' title='bbox 592 1386 776 1433; x_wconf 81' lang='lat' dir='ltr'><strong>Mirifica</strong></span> <span class='ocrx_word' id='word_1_102' title='bbox 798 1391 1007 1451; x_wconf 83' lang='lat' dir='ltr'><strong>explici-tos</strong></span> <span class='ocrx_word' id='word_1_103' title='bbox 1030 1402 1112 1434; x_wconf 79' lang='lat' dir='ltr'><strong>arte</strong></span> <span class='ocrx_word' id='word_1_104' title='bbox 1126 1422 1139 1442; x_wconf 88' lang='lat'>‚</span> <span class='ocrx_word' id='word_1_105' title='bbox 1174 1401 1318 1433; x_wconf 89' lang='lat' dir='ltr'><strong>tenore</strong></span> <span class='ocrx_word' id='word_1_106' title='bbox 1343 1386 1485 1433; x_wconf 59' lang='lat' dir='ltr'><strong>dabit}</strong></span> 
     </span>
     <span class='ocr_line' id='line_1_17' title="bbox 532 1466 1519 1515; baseline -0.001 -2"><span class='ocrx_word' id='word_1_107' title='bbox 532 1468 728 1515; x_wconf 77' lang='lat' dir='ltr'><strong>AEtatum</strong></span> <span class='ocrx_word' id='word_1_108' title='bbox 754 1466 918 1514; x_wconf 81' lang='lat' dir='ltr'><strong>choreas</strong></span> <span class='ocrx_word' id='word_1_109' title='bbox 941 1474 983 1514; x_wconf 88' lang='lat'>&amp;</span> <span class='ocrx_word' id='word_1_110' title='bbox 1007 1482 1120 1515; x_wconf 80' lang='lat' dir='ltr'><strong>terna</strong></span> <span class='ocrx_word' id='word_1_111' title='bbox 1142 1469 1358 1514; x_wconf 81' lang='lat' dir='ltr'><strong>volumina</strong></span> <span class='ocrx_word' id='word_1_112' title='bbox 1379 1484 1519 1513; x_wconf 89' lang='lat' dir='ltr'><strong>rerum</strong></span> 
     </span>
     <span class='ocr_line' id='line_1_18' title="bbox 593 1545 1564 1610; baseline -0.001 -19"><span class='ocrx_word' id='word_1_113' title='bbox 593 1548 720 1592; x_wconf 78' lang='lat' dir='ltr'><strong>Clave</strong></span> <span class='ocrx_word' id='word_1_114' title='bbox 744 1545 846 1593; x_wconf 79' lang='lat' dir='ltr'><strong>mihi</strong></span> <span class='ocrx_word' id='word_1_115' title='bbox 869 1549 1039 1610; x_wconf 87' lang='lat' dir='ltr'><strong>triplici,</strong></span> <span class='ocrx_word' id='word_1_116' title='bbox 1081 1550 1198 1608; x_wconf 83' lang='lat' dir='ltr'><strong>quis,</strong></span> <span class='ocrx_word' id='word_1_117' title='bbox 1235 1546 1397 1593; x_wconf 79' lang='lat' dir='ltr'><strong>reserata</strong></span> <span class='ocrx_word' id='word_1_118' title='bbox 1419 1545 1564 1592; x_wconf 78' lang='lat' dir='ltr'><strong>dabit?</strong></span> 
     </span>
     <span class='ocr_line' id='line_1_19' title="bbox 533 1622 1990 1692; baseline -0.003 -18"><span class='ocrx_word' id='word_1_119' title='bbox 533 1632 641 1674; x_wconf 75' lang='lat' dir='ltr'><strong>Laus</strong></span> <span class='ocrx_word' id='word_1_120' title='bbox 666 1631 712 1673; x_wconf 87' lang='lat' dir='ltr'>H</span> <span class='ocrx_word' id='word_1_121' title='bbox 727 1632 797 1674; x_wconf 88' lang='lat' dir='ltr'><strong>EI</strong></span> <span class='ocrx_word' id='word_1_122' title='bbox 813 1632 856 1675; x_wconf 93' lang='lat' dir='ltr'><strong>D</strong></span> <span class='ocrx_word' id='word_1_123' title='bbox 870 1633 907 1675; x_wconf 79' lang='lat' dir='ltr'><strong>E</strong></span> <span class='ocrx_word' id='word_1_124' title='bbox 920 1631 965 1675; x_wconf 90' lang='lat' dir='ltr'>G</span> <span class='ocrx_word' id='word_1_125' title='bbox 980 1630 1025 1675; x_wconf 91' lang='lat' dir='ltr'>G</span> <span class='ocrx_word' id='word_1_126' title='bbox 1039 1632 1076 1674; x_wconf 88' lang='lat' dir='ltr'>E</span> <span class='ocrx_word' id='word_1_127' title='bbox 1091 1632 1139 1676; x_wconf 77' lang='lat' dir='ltr'>R</span> <span class='ocrx_word' id='word_1_128' title='bbox 1151 1633 1172 1674; x_wconf 91' lang='lat' dir='ltr'>I</span> <span class='ocrx_word' id='word_1_129' title='bbox 1206 1627 1264 1675; x_wconf 85' lang='lat' dir='ltr'><strong>est</strong></span> <span class='ocrx_word' id='word_1_130' title='bbox 1286 1628 1514 1692; x_wconf 82' lang='lat' dir='ltr'><strong>fugientem</strong></span> <span class='ocrx_word' id='word_1_131' title='bbox 1537 1624 1728 1690; x_wconf 82' lang='lat' dir='ltr'><strong>prendere</strong></span> <span class='ocrx_word' id='word_1_132' title='bbox 1753 1622 1959 1671; x_wconf 87' lang='lat' dir='ltr'><strong>mundum</strong></span> <span class='ocrx_word' id='word_1_133' title='bbox 1977 1659 1990 1679; x_wconf 57' lang='lat'>3</span> 
     </span>
     <span class='ocr_line' id='line_1_20' title="bbox 589 1706 1266 1757; baseline 0 -2"><span class='ocrx_word' id='word_1_134' title='bbox 589 1712 647 1755; x_wconf 87' lang='lat' dir='ltr'><strong>Et</strong></span> <span class='ocrx_word' id='word_1_135' title='bbox 670 1707 767 1754; x_wconf 88' lang='lat' dir='ltr'><strong>fidei</strong></span> <span class='ocrx_word' id='word_1_136' title='bbox 792 1727 913 1757; x_wconf 80' lang='lat' dir='ltr'><strong>cunas</strong></span> <span class='ocrx_word' id='word_1_137' title='bbox 938 1706 1145 1756; x_wconf 78' lang='lat' dir='ltr'><strong>restituisse</strong></span> <span class='ocrx_word' id='word_1_138' title='bbox 1168 1710 1266 1755; x_wconf 74' lang='lat' dir='ltr'><strong>suaS.</strong></span> 
     </span>
     <span class='ocr_line' id='line_1_21' title="bbox 530 1788 1647 1852; baseline -0.001 -18"><span class='ocrx_word' id='word_1_139' title='bbox 530 1788 630 1835; x_wconf 84' lang='lat' dir='ltr'><strong>Post</strong></span> <span class='ocrx_word' id='word_1_140' title='bbox 652 1789 712 1844; x_wconf 85' lang='lat' dir='ltr'><strong>se,</strong></span> <span class='ocrx_word' id='word_1_141' title='bbox 738 1789 924 1852; x_wconf 88' lang='lat' dir='ltr'><strong>postque</strong></span> <span class='ocrx_word' id='word_1_142' title='bbox 946 1788 1197 1842; x_wconf 20' lang='lat' dir='ltr'><strong>suas‘Moses</strong></span> <span class='ocrx_word' id='word_1_143' title='bbox 1222 1790 1317 1836; x_wconf 80' lang='lat' dir='ltr'><strong>latet</strong></span> <span class='ocrx_word' id='word_1_144' title='bbox 1344 1790 1472 1850; x_wconf 86' lang='lat' dir='ltr'><strong>usque</strong></span> <span class='ocrx_word' id='word_1_145' title='bbox 1497 1788 1647 1852; x_wconf 76' lang='lat' dir='ltr'><strong>figuras</strong></span> 
     </span>
     <span class='ocr_line' id='line_1_22' title="bbox 589 1867 1443 1933; baseline 0.001 -19"><span class='ocrx_word' id='word_1_146' title='bbox 589 1872 797 1933; x_wconf 74' lang='lat' dir='ltr'><strong>Qamvis</strong></span> <span class='ocrx_word' id='word_1_147' title='bbox 820 1870 955 1915; x_wconf 75' lang='lat' dir='ltr'><strong>ablato</strong></span> <span class='ocrx_word' id='word_1_148' title='bbox 978 1871 1158 1933; x_wconf 85' lang='lat' dir='ltr'><strong>tegmine</strong></span> <span class='ocrx_word' id='word_1_149' title='bbox 1181 1867 1317 1915; x_wconf 89' lang='lat' dir='ltr'><strong>nudus</strong></span> <span class='ocrx_word' id='word_1_150' title='bbox 1337 1883 1443 1922; x_wconf 71' lang='lat' dir='ltr'><strong>erat;</strong></span> 
     </span>
     <span class='ocr_line' id='line_1_23' title="bbox 532 1946 1889 2012; baseline -0.001 -19"><span class='ocrx_word' id='word_1_151' title='bbox 532 1950 639 2012; x_wconf 82' lang='lat' dir='ltr'><strong>Qis</strong></span> <span class='ocrx_word' id='word_1_152' title='bbox 660 1950 830 1994; x_wconf 85' lang='lat' dir='ltr'><strong>Mosem</strong></span> <span class='ocrx_word' id='word_1_153' title='bbox 854 1951 896 1995; x_wconf 86' lang='lat' dir='ltr'><strong>in</strong></span> <span class='ocrx_word' id='word_1_154' title='bbox 920 1947 1091 1994; x_wconf 86' lang='lat' dir='ltr'><strong>Christo</strong></span> <span class='ocrx_word' id='word_1_155' title='bbox 1113 1983 1126 2003; x_wconf 92' lang='lat'>,</span> <span class='ocrx_word' id='word_1_156' title='bbox 1164 1947 1465 2010; x_wconf 87' lang='lat' dir='ltr'><strong>Christumque</strong></span> <span class='ocrx_word' id='word_1_157' title='bbox 1488 1952 1531 1994; x_wconf 88' lang='lat' dir='ltr'><strong>in</strong></span> <span class='ocrx_word' id='word_1_158' title='bbox 1554 1952 1678 1996; x_wconf 87' lang='lat' dir='ltr'><strong>Mose</strong></span> <span class='ocrx_word' id='word_1_159' title='bbox 1689 1946 1860 1997; x_wconf 76' lang='lat' dir='ltr'><strong>viciffim</strong></span> <span class='ocrx_word' id='word_1_160' title='bbox 1876 1983 1889 1999; x_wconf 79' lang='grc'>,</span> 
     </span>
     <span class='ocr_line' id='line_1_24' title="bbox 590 2028 1463 2090; baseline 0 -13"><span class='ocrx_word' id='word_1_161' title='bbox 590 2028 824 2078; x_wconf 67' lang='lat' dir='ltr'><strong>Exhibeat-3</strong></span> <span class='ocrx_word' id='word_1_162' title='bbox 860 2031 944 2075; x_wconf 76' lang='lat' dir='ltr'><strong>laus</strong></span> <span class='ocrx_word' id='word_1_163' title='bbox 967 2028 1053 2076; x_wconf 85' lang='lat' dir='ltr'><strong>haec</strong></span> <span class='ocrx_word' id='word_1_164' title='bbox 1077 2032 1195 2076; x_wconf 83' lang='lat' dir='ltr'><strong>altera</strong></span> <span class='ocrx_word' id='word_1_165' title='bbox 1218 2030 1333 2090; x_wconf 81' lang='lat' dir='ltr'><strong>cujus</strong></span> <span class='ocrx_word' id='word_1_166' title='bbox 1358 2033 1463 2077; x_wconf 59' lang='lat' dir='ltr'><strong>eritZ</strong></span> 
     </span>
     <span class='ocr_line' id='line_1_25' title="bbox 534 2111 1861 2173; baseline 0 -16"><span class='ocrx_word' id='word_1_167' title='bbox 534 2111 667 2173; x_wconf 82' lang='lat' dir='ltr'><strong>Cujus</strong></span> <span class='ocrx_word' id='word_1_168' title='bbox 690 2114 788 2162; x_wconf 78' lang='lat' dir='ltr'><strong>erit,</strong></span> <span class='ocrx_word' id='word_1_169' title='bbox 811 2111 886 2158; x_wconf 73' lang='lat' dir='ltr'><strong>nifi</strong></span> <span class='ocrx_word' id='word_1_170' title='bbox 915 2115 950 2158; x_wconf 88' lang='lat' dir='ltr'>B</span> <span class='ocrx_word' id='word_1_171' title='bbox 963 2115 1014 2161; x_wconf 88' lang='lat' dir='ltr'>U</span> <span class='ocrx_word' id='word_1_172' title='bbox 1028 2116 1074 2160; x_wconf 86' lang='lat' dir='ltr'>R</span> <span class='ocrx_word' id='word_1_173' title='bbox 1086 2114 1140 2157; x_wconf 87' lang='lat' dir='ltr'>M</span> <span class='ocrx_word' id='word_1_174' title='bbox 1155 2116 1195 2157; x_wconf 91' lang='lat' dir='ltr'><strong>A</strong></span> <span class='ocrx_word' id='word_1_175' title='bbox 1210 2115 1255 2157; x_wconf 93' lang='lat' dir='ltr'>N</span> <span class='ocrx_word' id='word_1_176' title='bbox 1271 2115 1316 2157; x_wconf 92' lang='lat' dir='ltr'>N</span> <span class='ocrx_word' id='word_1_177' title='bbox 1329 2117 1350 2158; x_wconf 89' lang='lat' dir='ltr'>I</span> <span class='ocrx_word' id='word_1_178' title='bbox 1365 2145 1376 2165; x_wconf 87' lang='lat'>,</span> <span class='ocrx_word' id='word_1_179' title='bbox 1394 2128 1519 2173; x_wconf 88' lang='lat' dir='ltr'><strong>quem</strong></span> <span class='ocrx_word' id='word_1_180' title='bbox 1543 2113 1646 2159; x_wconf 78' lang='lat' dir='ltr'><strong>sacra</strong></span> <span class='ocrx_word' id='word_1_181' title='bbox 1668 2115 1861 2161; x_wconf 79' lang='lat' dir='ltr'><strong>Minerva</strong></span> 
     </span>
     <span class='ocr_line' id='line_1_26' title="bbox 584 2194 1431 2257; baseline 0.005 -19"><span class='ocrx_word' id='word_1_182' title='bbox 584 2194 681 2257; x_wconf 76' lang='lat' dir='ltr'><strong>Jam</strong></span> <span class='ocrx_word' id='word_1_183' title='bbox 709 2209 881 2255; x_wconf 76' lang='lat' dir='ltr'><strong>puerum</strong></span> <span class='ocrx_word' id='word_1_184' title='bbox 907 2197 1026 2241; x_wconf 27' lang='lat' dir='ltr'><strong>molli*</strong></span> <span class='ocrx_word' id='word_1_185' title='bbox 1047 2196 1127 2242; x_wconf 83' lang='lat' dir='ltr'><strong>visa</strong></span> <span class='ocrx_word' id='word_1_186' title='bbox 1149 2195 1286 2242; x_wconf 85' lang='lat' dir='ltr'><strong>fovere</strong></span> <span class='ocrx_word' id='word_1_187' title='bbox 1312 2195 1431 2242; x_wconf 62' lang='lat' dir='ltr'><strong>finuZ</strong></span> 
     </span>
     <span class='ocr_line' id='line_1_27' title="bbox 533 2277 1659 2340; baseline 0.005 -21"><span class='ocrx_word' id='word_1_188' title='bbox 533 2277 752 2321; x_wconf 63' lang='lat' dir='ltr'><strong>{moenium</strong></span> <span class='ocrx_word' id='word_1_189' title='bbox 768 2308 780 2329; x_wconf 84' lang='lat'>‚</span> <span class='ocrx_word' id='word_1_190' title='bbox 819 2277 1046 2337; x_wconf 84' lang='lat' dir='ltr'><strong>mentisque</strong></span> <span class='ocrx_word' id='word_1_191' title='bbox 1069 2278 1165 2322; x_wconf 78' lang='lat' dir='ltr'><strong>acies</strong></span> <span class='ocrx_word' id='word_1_192' title='bbox 1183 2312 1197 2328; x_wconf 85' lang='lat'><em>,</em></span> <span class='ocrx_word' id='word_1_193' title='bbox 1244 2279 1519 2340; x_wconf 78' lang='lat' dir='ltr'><strong>penetrantior</strong></span> <span class='ocrx_word' id='word_1_194' title='bbox 1540 2281 1659 2326; x_wconf 84' lang='lat' dir='ltr'><strong>omni</strong></span> 
     </span>
     <span class='ocr_line' id='line_1_28' title="bbox 584 2356 1520 2420; baseline 0.007 -21"><span class='ocrx_word' id='word_1_195' title='bbox 584 2360 704 2400; x_wconf 75' lang='lat' dir='ltr'><strong>Ferro</strong></span> <span class='ocrx_word' id='word_1_196' title='bbox 719 2389 731 2409; x_wconf 85' lang='lat'>,</span> <span class='ocrx_word' id='word_1_197' title='bbox 756 2357 821 2401; x_wconf 83' lang='lat' dir='ltr'><strong>cui</strong></span> <span class='ocrx_word' id='word_1_198' title='bbox 842 2356 933 2403; x_wconf 77' lang='lat' dir='ltr'><strong>data</strong></span> <span class='ocrx_word' id='word_1_199' title='bbox 957 2359 1069 2410; x_wconf 80' lang='lat' dir='ltr'><strong>sunt3</strong></span> <span class='ocrx_word' id='word_1_200' title='bbox 1100 2374 1269 2405; x_wconf 84' lang='lat' dir='ltr'><strong>munera</strong></span> <span class='ocrx_word' id='word_1_201' title='bbox 1291 2360 1398 2420; x_wconf 78' lang='lat' dir='ltr'><strong>larga</strong></span> <span class='ocrx_word' id='word_1_202' title='bbox 1419 2362 1520 2406; x_wconf 82' lang='lat' dir='ltr'><strong>Dei.</strong></span> 
     </span>
     <span class='ocr_line' id='line_1_29' title="bbox 529 2437 1591 2502; baseline 0.01 -21"><span class='ocrx_word' id='word_1_203' title='bbox 529 2437 603 2482; x_wconf 57' lang='lat' dir='ltr'><strong>{He</strong></span> <span class='ocrx_word' id='word_1_204' title='bbox 628 2439 731 2482; x_wconf 75' lang='lat' dir='ltr'><strong>mari</strong></span> <span class='ocrx_word' id='word_1_205' title='bbox 757 2440 1056 2501; x_wconf 60' lang='lat' dir='ltr'><strong>Sorymaearum</strong></span> <span class='ocrx_word' id='word_1_206' title='bbox 1083 2442 1182 2486; x_wconf 80' lang='lat' dir='ltr'><strong>bene</strong></span> <span class='ocrx_word' id='word_1_207' title='bbox 1203 2443 1339 2487; x_wconf 83' lang='lat' dir='ltr'><strong>lautus</strong></span> <span class='ocrx_word' id='word_1_208' title='bbox 1363 2458 1591 2502; x_wconf 76' lang='lat' dir='ltr'><strong>aquarum,</strong></span> 
     </span>
     <span class='ocr_line' id='line_1_30' title="bbox 591 2518 1440 2586; baseline 0.004 -22"><span class='ocrx_word' id='word_1_209' title='bbox 591 2519 758 2567; x_wconf 48' lang='lat' dir='ltr'><strong>Doctus</strong></span> <span class='ocrx_word' id='word_1_210' title='bbox 781 2518 993 2569; x_wconf 72' lang='lat' dir='ltr'><strong>Idumaeos</strong></span> <span class='ocrx_word' id='word_1_211' title='bbox 1012 2519 1282 2586; x_wconf 81' lang='lat' dir='ltr'><strong>depopulatur</strong></span> <span class='ocrx_word' id='word_1_212' title='bbox 1303 2538 1440 2586; x_wconf 81' lang='lat' dir='ltr'><strong>agros:</strong></span> 
     </span>
     <span class='ocr_line' id='line_1_31' title="bbox 1855 2602 1997 2649; baseline -0.014 0"><span class='ocrx_word' id='word_1_213' title='bbox 1855 2602 1997 2649; x_wconf 79' lang='lat' dir='ltr'><strong>Ausus-</strong></span> 
     </span>
    </p>
   </div>
  </div>
 </body>
</html>
