2116 2901
415 162 625 219 Nescire
649 160 779 216 velle
809 172 917 232 quae
945 159 1182 232 Magister
1209 162 1437 231 optimus

419 239 531 290 Nos
554 235 674 288 scire
706 253 810 287 non
840 234 974 294 vult,
1017 232 1263 285 eruditam
1290 230 1559 291 inscitiam,

419 314 708 380 Tutamque
736 309 925 360 ducens
955 311 1142 361 mentis
1172 310 1539 359 innocentiam.

421 382 604 436 Procul
630 384 748 434 hinc
778 381 1014 454 Sophista
1035 421 1046 439 ,
1087 377 1385 432 insanientis
1416 379 1617 432 institor

423 453 690 509 perversus
716 458 863 508 artis:
894 452 1262 526 opprimendus
1290 452 1452 525 gloria
1472 492 1484 511 ,

427 530 598 598 Qam
626 530 811 579 mentis
839 527 931 579 alis
960 524 1144 598 assequi
1179 525 1416 578 incaffum
1449 524 1622 579 studet.

427 599 674 654 profanus
703 598 793 659 illi,
829 603 881 650 in
906 598 1063 652 corde
1089 606 1176 670 qui
1208 599 1388 651 stercus
1425 600 1513 651 suo

429 675 540 728 Sibi
571 676 718 745 erigit
743 713 754 733 ‚
795 671 1038 743 sensuque
1066 688 1232 744 turget
1264 676 1507 744 proprio:

429 751 590 816 Inque
618 750 748 818 igne,
777 762 928 815 quem
959 744 1297 798 circumdedit
1328 745 1431 805 fibi,
1475 741 1713 802 ambulat,

434 820 560 890 Qio
594 822 752 870 tostus
785 818 931 870 instar
962 817 1172 870 fulmine
1194 818 1283 870 iffi
1313 821 1516 872 corruit.

506 893 628 943 Non
645 890 729 943 illa
751 908 892 943 mens
911 891 1004 944 diae
1021 897 1249 966 Synopftos
1275 894 1430 954 Patri,

437 966 535 1016 Cui
567 971 729 1034 major
760 963 828 1016 est
860 962 1132 1017 au&oritas
1164 966 1317 1019 Verbi
1352 967 1467 1024 Dei,

436 1038 607 1107 Qam
637 1035 941 1108 perspicacis
970 1040 1145 1111 ingeni
1187 1048 1451 1109 capacitas.

436 1112 534 1162 Cui
566 1108 670 1161 sola
694 1110 861 1162 rident
891 1127 1032 1181 prata
1062 1110 1192 1163 festa
1224 1111 1399 1166 rivulis

366 1235 370 1245 Ξ
439 1186 644 1242 Sionis,
676 1183 1017 1254 imbribusque
1046 1199 1169 1256 pota
1202 1185 1407 1237 coelicis,

441 1259 557 1309 Aut
581 1256 681 1307 hoc
716 1256 933 1327 placebit
962 1259 1095 1310 culta
1125 1260 1318 1318 vestim,
1347 1258 1494 1321 sacra,

440 1329 597 1381 Instar
626 1327 858 1383 modestae
883 1334 1126 1403 Virgini5‚
1164 1333 1453 1403 Sapientia:

439 1404 557 1455 Aut
586 1401 866 1473 Babylonis
896 1402 1150 1456 induenda
1180 1405 1407 1479 insignia,

444 1481 505 1527 Et
540 1473 682 1545 quod
715 1480 955 1546 propinat
985 1477 1091 1530 fece
1123 1476 1327 1548 plenum
1367 1478 1606 1551 poculum

443 1548 611 1601 Nobis
640 1547 915 1601 bibendum
944 1548 1125 1603 denuo.
1160 1567 1243 1603 aut
1273 1552 1307 1605 fi
1337 1554 1389 1604 id
1415 1571 1523 1605 non
1553 1551 1708 1610 lubet,

450 1625 652 1674 Foenum
686 1619 784 1673 esse
812 1639 1039 1695 oportet,
1069 1639 1151 1676 aut
1179 1624 1379 1681 salivam
1410 1626 1632 1680 lambere

445 1696 616 1767 Qam
645 1693 844 1766 despuit
873 1696 1108 1770 Sophista
1127 1737 1138 1758 ‚
1168 1717 1287 1753 crux
1318 1705 1509 1754 mentis
1540 1700 1701 1754 bonae.

1111 1846 1281 1892 Genera
1297 1843 1383 1908 fito
1414 1835 1776 1906 defideratzffimo

1172 1921 1297 1964 L.M.
1314 1922 1364 1984 Q.
1386 1910 1708 1986 deproperabat

950 2041 1438 2090 ABRAHAMUS
1484 2030 1907 2092 HEIDANU'S.

1847 2496 1970 2540 AD
