2334 2896
0 0 70 49 ,η’

440 144 525 187 DE
571 144 1289 189 AFFEcT1ssstD1v1N1s.
1614 130 1735 201 129*

129 224 246 271 XVI.
280 219 452 270 Peffime
464 239 599 270 autem
613 222 1039 287 distinguuntJesuitae
1053 222 1100 270 &¹
1110 222 1452 271 Remonstrantcs
1464 224 1504 269 in
1519 227 1690 288 gratiam

7 343 10 349 .
60 288 310 352 {itfficientem
324 294 366 335 &
380 289 572 351 efficacem
588 309 597 335 :
613 306 709 336 cum
723 290 833 333 nulla
846 288 894 334 fit
907 287 1103 335 sufficiens
1116 288 1189 335 nisi
1212 289 1352 336 eadem
1371 289 1420 336 sit
1434 287 1690 344 efficax,nam

62 355 198 420 gratiae
221 352 433 402 sufficienti
457 353 559 400 nihil
583 356 754 417 amplius
781 353 988 415 superaddi
1014 354 1146 418 potest
1162 375 1172 401 :
1200 355 1309 402 unde
1321 371 1393 400 nec
1405 354 1477 417 ipsi
1492 353 1573 400 hoc
1586 355 1688 401 defi-

67 422 152 467 nire
161 417 324 483 possunt
337 419 440 481 quid
454 422 653 466 auxilium
666 422 749 466 Dei
774 418 916 465 efficax
928 422 1055 482 priori
1066 423 1202 483 gratiae
1217 419 1451 484 superaddat
1464 455 1475 475 ‚
1500 420 1687 467 tandem..

6 508 7 512 ¹
64 501 146 548 que
155 502 203 530 eo
214 484 397 538 redeunt,
415 500 462 532 ut
474 488 614 531 omnia
626 488 667 530 in
681 484 872 531 humanae
887 487 1110 532 voluntatis
1121 487 1291 532 arbitrio
1304 486 1470 548 ejusque
1481 488 1595 532 resto
1613 489 1687 532 usu

64 565 242 615 ponant3
268 565 315 598 ut
327 552 399 597 suo
412 553 508 597 loco
522 551 740 597 videbitur.
1680 552 1681 555 ’

129 619 266 663 XVII.
295 619 447 663 Amori
471 616 711 680 oppositum
737 615 795 662 est
819 618 996 670 Odium;
1025 619 1099 679 qui
1124 617 1182 663 est
1195 616 1362 664 affectus
1374 616 1628 680 displicentiae
1643 622 1685 664 &
1712 619 1783 660 On
1793 636 1888 666 IUM

67 681 313 745 separationis
325 684 346 727 ἒι
360 683 527 745 persona
539 680 720 728 dissimili
734 688 776 728 δε
788 683 946 744 ingrata
962 702 972 727 t
990 683 1132 744 estque
1144 686 1186 729 in
1200 687 1298 729 Deo
1313 682 1415 728 nihil
1431 682 1540 729 aliud
1558 701 1685 744 quam
1707 681 1784 716 Dei.

2 763 5 768 ·
64 748 308 809 improbatio
333 751 494 811 peccati,
507 749 694 809 illiusque
706 748 901 811 puniendi
913 750 1114 801 voluntas;
1131 748 1198 794 stu
1212 747 1268 794 est
1282 751 1423 795 relatio
1436 751 1519 795 Dei
1533 748 1582 794 ad
1594 766 1686 812 pec-

64 826 238 859 catorem
260 830 356 860 cum
379 811 538 860 effectu<
558 815 789 877 punitionis
800 828 968 876 propter
982 828 1192 877 peccatum
1204 814 1326 877 ipfius
1340 850 1352 870 ‚
1377 817 1475 876 quia
1487 813 1529 860 id
1543 814 1600 860 est
1613 814 1685 860 de-

2 903 3 906 =
64 879 186 924 viatio
211 879 260 923 ab
285 877 430 926 ordine
455 896 581 941 quem
606 882 722 926 Deus
745 879 979 942 praescripfit
1003 899 1012 924 z
1051 896 1180 941 quam
1206 882 1470 941 consequitur
1492 881 1683 943 separatio
1698 922 1701 923 ⁷

63 957 246 989 creaturae
270 947 292 990 a
304 949 402 992 Deo
415 980 428 1001 ,
453 946 731 1006 omnibusque
742 946 862 991 bonis
873 944 958 1004 ejus
972 964 982 990 t
997 962 1094 990 cum
1107 947 1217 991 enim
1229 963 1273 991 ea
1285 947 1343 991 ob
1354 960 1562 1008 peccatum
1575 963 1681 991 crea-

60 1010 142 1054 tori
154 1008 353 1057 difformis
365 1017 408 1057 &
420 1009 619 1058 dissimilis
630 1010 735 1057 facta
748 1011 797 1059 fit
810 1045 823 1066 ‚
834 1012 900 1056 ille
911 1028 1008 1056 cum
1019 1012 1064 1056 ea
1077 1013 1421 1057 communionem
1434 1010 1580 1058 habere
1592 1029 1680 1058 am-

63 1075 161 1136 plius
173 1091 257 1120 non
268 1076 414 1139 potest.

122 1143 282 1188 XVIII.
317 1146 516 1204 Cumque
540 1142 755 1201 objectum
768 1141 855 1188 odii
868 1141 1019 1205 duplex
1034 1142 1096 1197 sit,
1120 1145 1183 1188 vel
1196 1157 1382 1206 peccator
1394 1177 1406 1197 ,
1430 1145 1494 1189 vel
1505 1142 1588 1202 ejus
1600 1145 1679 1190 ini-

62 1207 188 1267 quitas
199 1211 241 1252 &
254 1223 462 1270 peccatum
475 1209 607 1272 ipsum
619 1243 631 1263 ,
659 1213 775 1255 Deus
786 1225 872 1254 non
886 1209 1020 1253 solum
1032 1222 1242 1271 peccatum
1256 1243 1268 1263 ‚
1293 1209 1357 1254 sed
1370 1213 1414 1253 δε
1425 1224 1676 1271 peccatorem

58 1269 149 1317 odit
159 1306 171 1327 ‚
198 1289 378 1335 eumque
403 1277 567 1338 proprie
579 1276 698 1337 punit
711 1291 760 1319 ex
772 1274 830 1320 ir&
843 1308 855 1329 ‚
869 1288 916 1320 ut
929 1273 1003 1337 ipfi
1017 1275 1120 1319 male
1133 1272 1182 1319 fit
1193 1308 1206 1329 ‚
1233 1276 1288 1320 ita
1300 1289 1347 1321 ut
1359 1276 1575 1337 peccatoris
1588 1291 1675 1319 ma-

61 1337 149 1382 lum
171 1339 299 1400 ipsum
327 1342 504 1404 respiciat
515 1375 528 1396 ,
553 1342 680 1386 veluti
704 1341 953 1385 solutionem
967 1337 1108 1385 debiti.
1141 1344 1288 1402 Longe
1301 1341 1412 1385 aliter
1425 1342 1521 1385 acin
1535 1338 1675 1385 homi-

58 1403 174 1448 nibus
186 1403 235 1450 fit
251 1424 259 1449 :
274 1406 331 1450 illi
343 1408 454 1451 enirn
463 1405 528 1466 jus
539 1422 757 1469 poenarum
773 1408 936 1468 proprie
947 1403 1109 1450 dictum
1122 1421 1208 1449 non
1222 1404 1372 1451 habent
1381 1440 1393 1456 ,
1416 1421 1488 1449 nec
1502 1403 1596 1450 ideo
1610 1405 1674 1463 jus

59 1464 203 1515 habent
226 1473 467 1533 proximum
490 1471 654 1534 proprie
669 1470 770 1517 odio
783 1469 1067 1534 prosequendi.
1092 1468 1240 1516 Odiffe
1251 1484 1461 1533 peccatum
1474 1469 1565 1532 ipsis
1577 1474 1674 1532 qui-

56 1531 152 1579 dem
163 1533 218 1581 fiis
229 1535 286 1581 est
297 1570 310 1591 ,
323 1536 463 1598 estque
472 1535 514 1583 id
528 1538 631 1583 nihil
642 1534 753 1582 aliud
766 1553 894 1597 quam
904 1535 1083 1596 judicare
1095 1537 1235 1582 &cum
1250 1534 1458 1597 quendam
1471 1539 1671 1583 moralem
2315 1569 2317 1576 ι

60 1600 250 1646 vitiosum
273 1599 346 1648 esse
368 1608 411 1648 &
438 1604 460 1648 ὲ
484 1607 581 1649 Deo
596 1600 854 1666 puniendum
867 1619 878 1655 ;
894 1615 1146 1665 peccatorem
1158 1616 1295 1648 autem
1308 1598 1434 1647 odiffe
1447 1601 1538 1663 ipfis
1550 1601 1671 1648 nefas.
1749 1646 1763 1664 ι
1971 1607 1996 1698 ς
2152 1594 2180 1698 β
2238 1620 2289 1684 4
2311 1601 2329 1652 ’,ς

59 1664 156 1711 Inde
166 1665 315 1726 justitia
327 1667 507 1715 humana
520 1685 608 1714 non
620 1666 795 1714 intendit
807 1670 965 1714 malum
980 1669 1176 1730 proximi,
1190 1684 1279 1729 quo
1289 1681 1428 1713 tamen
1441 1665 1589 1712 odium
1602 1667 1671 1713 suti
1694 1693 1724 1733 η,
1741 1667 1760 1733 3(
1788 1653 1962 1723 [12³⁹
1982 1702 1984 1705 -
2015 1671 2056 1717 10
2079 1647 2149 1709 ’ἦ
2175 1654 2237 1688 ‘⁷‘
2291 1657 2330 1711 ἦ

58 1734 195 1778 natura
207 1732 350 1789 tendit,
375 1751 508 1796 neque
518 1733 644 1795 judex
655 1748 835 1780 terrenus
845 1732 904 1780 est
915 1732 1067 1779 vindex
1079 1734 1176 1778 mali
1188 1735 1351 1779 moralis
1364 1768 1376 1787 ‚
1389 1731 1470 1778 hoc
1481 1734 1591 1777 enim
1605 1733 1679 1777 so.>
1753 1735 1755 1739 '
2008 1733 2039 1754 ‘⁹‘
2321 1787 2326 1794 Β

58 1798 129 1843 lius
140 1801 219 1844 Dei
230 1797 301 1854 est,
315 1799 379 1846 sed
390 1815 554 1847 tantum
567 1802 881 1854 conditionem,
894 1813 963 1845 aut
974 1800 1297 1862 exemplum‚aut
1310 1797 1419 1844 aliud
1431 1796 1535 1859 quid
1547 1797 1668 1859 quod
2311 1791 2316 1838 ἱ

58 1865 220 1925 pertinet
243 1864 292 1911 ad
314 1866 477 1913 bonum
502 1868 685 1920 civitatis,
709 1867 873 1929 spectat,
896 1864 946 1911 ad
959 1863 1078 1926 quod
1090 1881 1160 1927 per
1171 1864 1348 1910 accidens
1361 1865 1517 1910 malurn
1530 1880 1666 1926 pecca·
2314 1863 2316 1868 ’

60 1930 155 1974 toris
166 1930 342 1992 sequitur
357 1967 368 1987 ‚
392 1934 457 1979 cui
480 1930 585 1979 dum
608 1948 777 1996 poenam
790 1930 941 1993 infligit
953 1965 967 1986 ‚
994 1929 1116 1976 simul
1126 1945 1263 1977 tamen
1275 1932 1311 1976 ei
1324 1928 1557 1977 condonare
1568 1947 1665 1976 eum

56 2009 135 2055 que
146 2012 273 2043 amare
285 2016 327 2045 ac
337 1999 501 2045 bonum
514 1997 598 2060 ejus
612 2013 792 2060 quaerere
809 1996 941 2043 debet.

571 2103 678 2147 DE
751 2114 901 2146 IRA
966 2101 1150 2144 DEI.

120 2184 229 2232 XIX.
257 2188 405 2250 Species
426 2185 512 2233 odii
535 2187 600 2231 vel
623 2184 840 2231 averfionis
865 2182 922 2230 est
945 2192 1007 2230 ira
1021 2219 1033 2239 ‚
1058 2201 1152 2246 quae
1176 2183 1233 2230 est
1247 2183 1442 2248 cupiditas
1454 2182 1667 2243 repellendi
1692 2197 1774 2238 IRA
1794 2199 1872 2236 Dei.

58 2263 114 2293 res
124 2254 272 2306 noxias,
285 2258 326 2298 &
339 2253 502 2317 proprie
516 2249 648 2299 tendit
660 2253 702 2297 in
713 2251 900 2315 personas
911 2250 1009 2313 ipsas
1021 2267 1114 2312 quae
1129 2251 1247 2296 nobis
1260 2264 1502 2302 nocuerunt,
1512 2252 1573 2296 vel
1586 2267 1664 2295 no-

60 2328 141 2360 cere
151 2331 299 2364 eonatae
311 2321 416 2366 sunt.
964 2350 966 2353 v

121 2383 211 2430 XX.
237 2389 379 2446 Atque
390 2403 433 2432 ea
448 2390 546 2432 Deo
562 2400 735 2447 quoque
746 2381 889 2448 paffim
901 2383 1150 2446 attribuitur.
1187 2383 1576 2444 Oftulaminifilinm
1588 2417 1601 2435 ‚
1615 2401 1664 2427 ne

54 2446 154 2505 forte
175 2451 376 2508 irascatur.
409 2454 508 2498 Psal.
526 2470 565 2497 2:
584 2467 648 2497 12.
681 2456 753 2496 Ne
777 2458 818 2496 in
842 2449 1159 2507 excandescentia
1173 2465 1246 2495 tna
1259 2457 1442 2512 corripias
1453 2467 1530 2494 me.
1553 2447 1662 2494 Ibid.

63 2519 102 2556 6:
120 2529 152 2558 1.
177 2522 245 2562 Ne
259 2518 433 2577 accensits
444 2527 507 2565 im
521 2518 690 2581 Jehova
703 2522 818 2563 Deus
831 2532 923 2562 tuus
934 2523 975 2561 in
990 2530 1026 2560 te
1039 2550 1051 2570 ,
1069 2515 1214 2580 perdat
1226 2531 1264 2560 te
1289 2515 1308 2560 ὲ
1320 2516 1523 2577 superficie
1538 2528 1662 2574 term,

62 2582 183 2632 Deut.
199 2593 237 2632 6:
254 2600 310 2645 15.
335 2603 421 2633 non
446 2584 616 2649 quidem
641 2601 737 2631 cum
762 2583 841 2630 isto
856 2597 978 2630 motu
991 2583 1131 2638 animi,
1147 2582 1275 2645 qualis
1287 2583 1328 2628 in
1343 2579 1580 2627 hominibus
1593 2594 1662 2640 ap-

1010 2651 1058 2695 R
1540 2659 1663 2708 paret,
