<?xml version="1.0" encoding="UTF-8"?>
<!DOCTYPE html PUBLIC "-//W3C//DTD XHTML 1.0 Transitional//EN"
    "http://www.w3.org/TR/xhtml1/DTD/xhtml1-transitional.dtd">
<html xmlns="http://www.w3.org/1999/xhtml" xml:lang="en" lang="en">
 <head>
  <title>
</title>
<meta http-equiv="Content-Type" content="text/html;charset=utf-8" />
  <meta name='ocr-system' content='tesseract 3.04.00' />
  <meta name='ocr-capabilities' content='ocr_page ocr_carea ocr_par ocr_line ocrx_word'/>
</head>
<body>
  <div class='ocr_page' id='page_1' title='image "./francisciburmann00burm/francisciburmann00burm_0060.png"; bbox 0 0 2371 3140; ppageno 0'>
   <div class='ocr_carea' id='block_1_1' title="bbox 613 198 1783 277">
    <p class='ocr_par' dir='ltr' id='par_1_1' title="bbox 613 198 1783 277">
     <span class='ocr_line' id='line_1_1' title="bbox 613 198 1783 277; baseline -0.031 1"><span class='ocrx_word' id='word_1_1' title='bbox 613 247 665 277; x_wconf 91' lang='lat'>10</span> <span class='ocrx_word' id='word_1_2' title='bbox 1022 213 1643 267; x_wconf 71' lang='lat' dir='ltr'>L13.1.CA1&gt;u·r</span> <span class='ocrx_word' id='word_1_3' title='bbox 1701 198 1783 245; x_wconf 87' lang='lat'>11.</span> 
     </span>
    </p>
   </div>
   <div class='ocr_carea' id='block_1_2' title="bbox 390 276 2295 1088">
    <p class='ocr_par' dir='ltr' id='par_1_2' title="bbox 609 276 2231 442">
     <span class='ocr_line' id='line_1_2' title="bbox 671 276 2231 360; baseline -0.025 0"><span class='ocrx_word' id='word_1_4' title='bbox 671 314 712 359; x_wconf 94' lang='lat' dir='ltr'><strong>X</strong></span> <span class='ocrx_word' id='word_1_5' title='bbox 724 314 764 358; x_wconf 90' lang='lat' dir='ltr'><strong>X</strong></span> <span class='ocrx_word' id='word_1_6' title='bbox 774 312 815 358; x_wconf 92' lang='lat' dir='ltr'><strong>X</strong></span> <span class='ocrx_word' id='word_1_7' title='bbox 825 313 847 357; x_wconf 93' lang='lat' dir='ltr'><strong>I</strong></span> <span class='ocrx_word' id='word_1_8' title='bbox 862 310 898 355; x_wconf 92' lang='grc' dir='ltr'>Ι.</span> <span class='ocrx_word' id='word_1_9' title='bbox 932 309 983 353; x_wconf 90' lang='lat' dir='ltr'>In</span> <span class='ocrx_word' id='word_1_10' title='bbox 995 305 1108 351; x_wconf 83' lang='lat' dir='ltr'>sacris</span> <span class='ocrx_word' id='word_1_11' title='bbox 1117 299 1363 360; x_wconf 87' lang='lat' dir='ltr'>Theologus</span> <span class='ocrx_word' id='word_1_12' title='bbox 1373 292 1522 341; x_wconf 87' lang='lat' dir='ltr'>dicitur</span> <span class='ocrx_word' id='word_1_13' title='bbox 1538 287 1747 352; x_wconf 87' lang='lat' dir='ltr'>Johannes</span> <span class='ocrx_word' id='word_1_14' title='bbox 1758 277 2018 344; x_wconf 80' lang='lat' dir='ltr'>Apostolus,</span> <span class='ocrx_word' id='word_1_15' title='bbox 2047 276 2090 323; x_wconf 87' lang='lat' dir='ltr'>in</span> <span class='ocrx_word' id='word_1_16' title='bbox 2100 276 2231 323; x_wconf 82' lang='lat' dir='ltr'>titulo</span> 
     </span>
     <span class='ocr_line' id='line_1_3' title="bbox 609 343 2229 442; baseline -0.027 -16"><span class='ocrx_word' id='word_1_17' title='bbox 609 377 912 442; x_wconf 86' lang='lat' dir='ltr'>Apocalypseos</span> <span class='ocrx_word' id='word_1_18' title='bbox 926 392 936 418; x_wconf 90' lang='lat'><strong>:</strong></span> <span class='ocrx_word' id='word_1_19' title='bbox 961 386 1083 431; x_wconf 87' lang='lat' dir='ltr'>atque</span> <span class='ocrx_word' id='word_1_20' title='bbox 1094 370 1148 414; x_wconf 78' lang='lat' dir='ltr'>ita</span> <span class='ocrx_word' id='word_1_21' title='bbox 1159 367 1183 411; x_wconf 71' lang='grc' dir='ltr'>Ξι</span> <span class='ocrx_word' id='word_1_22' title='bbox 1194 363 1395 411; x_wconf 87' lang='lat' dir='ltr'>veteribus</span> <span class='ocrx_word' id='word_1_23' title='bbox 1421 356 1573 419; x_wconf 80' lang='lat' dir='ltr'>speciali</span> <span class='ocrx_word' id='word_1_24' title='bbox 1584 351 1635 398; x_wconf 92' lang='lat' dir='ltr'>de</span> <span class='ocrx_word' id='word_1_25' title='bbox 1646 350 1760 396; x_wconf 70' lang='lat' dir='ltr'>cauffi</span> <span class='ocrx_word' id='word_1_26' title='bbox 1772 346 1994 410; x_wconf 85' lang='lat' dir='ltr'>appellatur</span> <span class='ocrx_word' id='word_1_27' title='bbox 2002 377 2017 398; x_wconf 89' lang='lat'>‚</span> <span class='ocrx_word' id='word_1_28' title='bbox 2046 343 2144 404; x_wconf 86' lang='lat' dir='ltr'>quia</span> <span class='ocrx_word' id='word_1_29' title='bbox 2154 356 2229 387; x_wconf 82' lang='lat' dir='ltr'>ex-</span> 
     </span>
    </p>

    <p class='ocr_par' dir='ltr' id='par_1_3' title="bbox 668 407 2025 493">
     <span class='ocr_line' id='line_1_4' title="bbox 668 407 2025 493; baseline -0.027 -4"><span class='ocrx_word' id='word_1_30' title='bbox 668 444 746 489; x_wconf 89' lang='lat' dir='ltr'>suit</span> <span class='ocrx_word' id='word_1_31' title='bbox 767 441 861 493; x_wconf 60' lang='lat' dir='ltr'>no&#39;w</span> <span class='ocrx_word' id='word_1_32' title='bbox 885 440 939 475; x_wconf 66' lang='grc' dir='ltr'>τὶν</span> <span class='ocrx_word' id='word_1_33' title='bbox 962 437 1049 491; x_wconf 65' lang='grc' dir='ltr'>θεὸν,</span> <span class='ocrx_word' id='word_1_34' title='bbox 1061 439 1104 479; x_wconf 90' lang='lat'>&amp;</span> <span class='ocrx_word' id='word_1_35' title='bbox 1132 431 1386 477; x_wconf 84' lang='lat' dir='ltr'>divinitatem</span> <span class='ocrx_word' id='word_1_36' title='bbox 1400 421 1442 477; x_wconf 39' lang='lat'>„2²”</span> <span class='ocrx_word' id='word_1_37' title='bbox 1466 420 1554 464; x_wconf 58' lang='grc' dir='ltr'>λέγει</span> <span class='ocrx_word' id='word_1_38' title='bbox 1578 416 1827 481; x_wconf 81' lang='lat' dir='ltr'>peculiariter</span> <span class='ocrx_word' id='word_1_39' title='bbox 1853 407 2025 456; x_wconf 83' lang='lat' dir='ltr'>afferuit.</span> 
     </span>
    </p>

    <p class='ocr_par' dir='ltr' id='par_1_4' title="bbox 611 474 2231 764">
     <span class='ocr_line' id='line_1_5' title="bbox 678 474 2228 565; baseline -0.026 -10"><span class='ocrx_word' id='word_1_40' title='bbox 678 508 876 554; x_wconf 89' lang='lat' dir='ltr'><strong>XXXIII.</strong></span> <span class='ocrx_word' id='word_1_41' title='bbox 917 510 1060 565; x_wconf 84' lang='lat' dir='ltr'>Qem</span> <span class='ocrx_word' id='word_1_42' title='bbox 1084 499 1204 544; x_wconf 90' lang='lat' dir='ltr'>usum</span> <span class='ocrx_word' id='word_1_43' title='bbox 1215 495 1326 540; x_wconf 85' lang='lat' dir='ltr'>vocis</span> <span class='ocrx_word' id='word_1_44' title='bbox 1336 489 1484 536; x_wconf 84' lang='lat' dir='ltr'>imitati</span> <span class='ocrx_word' id='word_1_45' title='bbox 1496 500 1623 550; x_wconf 79' lang='lat' dir='ltr'>patres</span> <span class='ocrx_word' id='word_1_46' title='bbox 1633 481 1775 528; x_wconf 85' lang='lat' dir='ltr'>Graeci</span> <span class='ocrx_word' id='word_1_47' title='bbox 1787 511 1800 532; x_wconf 87' lang='lat'>‚</span> <span class='ocrx_word' id='word_1_48' title='bbox 1811 474 2093 536; x_wconf 84' lang='lat' dir='ltr'>Theologiam</span> <span class='ocrx_word' id='word_1_49' title='bbox 2104 486 2228 534; x_wconf 84' lang='lat' dir='ltr'>pecu.</span> 
     </span>
     <span class='ocr_line' id='line_1_6' title="bbox 611 538 2221 633; baseline -0.024 -13"><span class='ocrx_word' id='word_1_50' title='bbox 611 574 758 619; x_wconf 83' lang='lat' dir='ltr'>liariter</span> <span class='ocrx_word' id='word_1_51' title='bbox 781 570 1028 633; x_wconf 83' lang='lat' dir='ltr'>appellarunt</span> <span class='ocrx_word' id='word_1_52' title='bbox 1049 563 1284 610; x_wconf 68' lang='lat' dir='ltr'>doetrinam</span> <span class='ocrx_word' id='word_1_53' title='bbox 1305 556 1356 603; x_wconf 91' lang='lat' dir='ltr'>de</span> <span class='ocrx_word' id='word_1_54' title='bbox 1377 559 1417 601; x_wconf 89' lang='lat' dir='ltr'>S.</span> <span class='ocrx_word' id='word_1_55' title='bbox 1440 556 1479 598; x_wconf 88' lang='lat' dir='ltr'>S.</span> <span class='ocrx_word' id='word_1_56' title='bbox 1505 550 1712 596; x_wconf 79' lang='lat' dir='ltr'>Trinitate</span> <span class='ocrx_word' id='word_1_57' title='bbox 1728 579 1741 599; x_wconf 85' lang='lat'><strong>,</strong></span> <span class='ocrx_word' id='word_1_58' title='bbox 1780 547 1825 588; x_wconf 84' lang='lat'>&amp;</span> <span class='ocrx_word' id='word_1_59' title='bbox 1851 539 2064 587; x_wconf 84' lang='lat' dir='ltr'>divinitate</span> <span class='ocrx_word' id='word_1_60' title='bbox 2075 538 2165 584; x_wconf 84' lang='lat' dir='ltr'>Filii</span> <span class='ocrx_word' id='word_1_61' title='bbox 2176 552 2221 583; x_wconf 87' lang='lat' dir='ltr'>ac</span> 
     </span>
     <span class='ocr_line' id='line_1_7' title="bbox 611 604 2231 701; baseline -0.023 -17"><span class='ocrx_word' id='word_1_62' title='bbox 611 640 715 701; x_wconf 89' lang='lat' dir='ltr'>Spir.</span> <span class='ocrx_word' id='word_1_63' title='bbox 730 641 768 683; x_wconf 90' lang='lat' dir='ltr'>S.</span> <span class='ocrx_word' id='word_1_64' title='bbox 785 635 886 681; x_wconf 89' lang='lat' dir='ltr'>ficut</span> <span class='ocrx_word' id='word_1_65' title='bbox 898 634 955 678; x_wconf 90' lang='lat' dir='ltr'>illi</span> <span class='ocrx_word' id='word_1_66' title='bbox 967 641 1188 693; x_wconf 90' lang='lat' dir='ltr'>opponunt</span> <span class='ocrx_word' id='word_1_67' title='bbox 1200 620 1527 671; x_wconf 83' lang='lat' dir='ltr'>Oeconomiam‚</span> <span class='ocrx_word' id='word_1_68' title='bbox 1539 614 1620 661; x_wconf 89' lang='lat' dir='ltr'>five</span> <span class='ocrx_word' id='word_1_69' title='bbox 1631 610 1950 658; x_wconf 80' lang='lat' dir='ltr'>incarnationem</span> <span class='ocrx_word' id='word_1_70' title='bbox 1963 604 2154 656; x_wconf 84' lang='lat' dir='ltr'>Verbi,&amp;</span> <span class='ocrx_word' id='word_1_71' title='bbox 2167 617 2231 648; x_wconf 90' lang='lat' dir='ltr'>re-</span> 
     </span>
     <span class='ocr_line' id='line_1_8' title="bbox 611 695 1150 764; baseline -0.02 -15"><span class='ocrx_word' id='word_1_72' title='bbox 611 705 725 764; x_wconf 82' lang='lat' dir='ltr'>liqua</span> <span class='ocrx_word' id='word_1_73' title='bbox 736 703 819 748; x_wconf 91' lang='lat' dir='ltr'>Dei</span> <span class='ocrx_word' id='word_1_74' title='bbox 830 715 951 762; x_wconf 84' lang='lat' dir='ltr'>opera</span> <span class='ocrx_word' id='word_1_75' title='bbox 963 695 1013 742; x_wconf 84' lang='lat' dir='ltr'>ad</span> <span class='ocrx_word' id='word_1_76' title='bbox 1025 708 1150 740; x_wconf 85' lang='lat' dir='ltr'>extra.</span> 
     </span>
    </p>

    <p class='ocr_par' dir='ltr' id='par_1_5' title="bbox 612 732 2295 952">
     <span class='ocr_line' id='line_1_9' title="bbox 677 732 2295 817; baseline -0.022 -3"><span class='ocrx_word' id='word_1_77' title='bbox 677 769 877 814; x_wconf 87' lang='lat' dir='ltr'><strong>XXXIV.</strong></span> <span class='ocrx_word' id='word_1_78' title='bbox 901 762 1040 809; x_wconf 89' lang='lat' dir='ltr'>Nobis</span> <span class='ocrx_word' id='word_1_79' title='bbox 1052 756 1287 817; x_wconf 83' lang='lat' dir='ltr'>Theologia</span> <span class='ocrx_word' id='word_1_80' title='bbox 1298 751 1355 798; x_wconf 87' lang='lat' dir='ltr'>est</span> <span class='ocrx_word' id='word_1_81' title='bbox 1368 748 1551 813; x_wconf 85' lang='lat' dir='ltr'>cognitio</span> <span class='ocrx_word' id='word_1_82' title='bbox 1564 745 1627 792; x_wconf 93' lang='lat' dir='ltr'>vel</span> <span class='ocrx_word' id='word_1_83' title='bbox 1638 744 1770 789; x_wconf 87' lang='lat' dir='ltr'>sermo</span> <span class='ocrx_word' id='word_1_84' title='bbox 1792 737 1959 782; x_wconf 65' lang='grc' dir='ltr'>θεολᾶνε.</span> <span class='ocrx_word' id='word_1_85' title='bbox 1986 732 2234 797; x_wconf 83' lang='lat' dir='ltr'>Theologus</span> <span class='ocrx_word' id='word_1_86' title='bbox 2293 779 2295 781; x_wconf 75' lang='grc'><em>,</em></span> 
     </span>
     <span class='ocr_line' id='line_1_10' title="bbox 613 799 2294 890; baseline -0.024 -10"><span class='ocrx_word' id='word_1_87' title='bbox 613 847 750 880; x_wconf 83' lang='lat' dir='ltr'>autem</span> <span class='ocrx_word' id='word_1_88' title='bbox 762 831 820 877; x_wconf 93' lang='lat' dir='ltr'>est</span> <span class='ocrx_word' id='word_1_89' title='bbox 831 866 842 882; x_wconf 90' lang='lat'>,</span> <span class='ocrx_word' id='word_1_90' title='bbox 873 830 947 890; x_wconf 92' lang='lat' dir='ltr'>qui</span> <span class='ocrx_word' id='word_1_91' title='bbox 959 833 1099 874; x_wconf 81' lang='lat' dir='ltr'>Deum</span> <span class='ocrx_word' id='word_1_92' title='bbox 1111 859 1123 875; x_wconf 88' lang='lat'>‚</span> <span class='ocrx_word' id='word_1_93' title='bbox 1141 841 1191 868; x_wconf 88' lang='lat' dir='ltr'>ex</span> <span class='ocrx_word' id='word_1_94' title='bbox 1203 826 1290 868; x_wconf 80' lang='lat' dir='ltr'>Deo</span> <span class='ocrx_word' id='word_1_95' title='bbox 1305 853 1318 873; x_wconf 84' lang='lat'>‚</span> <span class='ocrx_word' id='word_1_96' title='bbox 1330 833 1463 864; x_wconf 77' lang='lat' dir='ltr'>coram</span> <span class='ocrx_word' id='word_1_97' title='bbox 1477 819 1563 861; x_wconf 84' lang='lat' dir='ltr'>Deo</span> <span class='ocrx_word' id='word_1_98' title='bbox 1579 845 1592 865; x_wconf 83' lang='lat'>‚</span> <span class='ocrx_word' id='word_1_99' title='bbox 1605 809 1661 855; x_wconf 79' lang='lat' dir='ltr'>ad</span> <span class='ocrx_word' id='word_1_100' title='bbox 1663 811 1838 872; x_wconf 75' lang='lat' dir='ltr'>gloriam</span> <span class='ocrx_word' id='word_1_101' title='bbox 1851 807 1952 866; x_wconf 74' lang='lat' dir='ltr'>ejus,</span> <span class='ocrx_word' id='word_1_102' title='bbox 1968 799 2080 847; x_wconf 90' lang='lat' dir='ltr'>dicit.</span> <span class='ocrx_word' id='word_1_103' title='bbox 2097 803 2234 850; x_wconf 79' lang='lat' dir='ltr'>Nunc</span> <span class='ocrx_word' id='word_1_104' title='bbox 2291 822 2294 824; x_wconf 35' lang='lat' dir='ltr'>v</span> 
     </span>
     <span class='ocr_line' id='line_1_11' title="bbox 612 865 2233 952; baseline -0.021 -7"><span class='ocrx_word' id='word_1_105' title='bbox 612 906 719 944; x_wconf 75' lang='lat' dir='ltr'>enim</span> <span class='ocrx_word' id='word_1_106' title='bbox 743 897 916 942; x_wconf 84' lang='lat' dir='ltr'>homines</span> <span class='ocrx_word' id='word_1_107' title='bbox 920 893 1136 952; x_wconf 72' lang='lat' dir='ltr'>simdeam,</span> <span class='ocrx_word' id='word_1_108' title='bbox 1148 906 1200 933; x_wconf 78' lang='lat' dir='ltr'>an</span> <span class='ocrx_word' id='word_1_109' title='bbox 1224 891 1364 932; x_wconf 76' lang='lat' dir='ltr'>Deum</span> <span class='ocrx_word' id='word_1_110' title='bbox 1377 889 1396 927; x_wconf 70' lang='grc' dir='ltr'><strong><em>ἒ</em></strong></span> <span class='ocrx_word' id='word_1_111' title='bbox 1424 894 1499 925; x_wconf 66' lang='lat' dir='ltr'>emt</span> <span class='ocrx_word' id='word_1_112' title='bbox 1511 892 1685 941; x_wconf 72' lang='lat' dir='ltr'>quaeram</span> <span class='ocrx_word' id='word_1_113' title='bbox 1698 870 1919 918; x_wconf 58' lang='lat' dir='ltr'>hominibus</span> <span class='ocrx_word' id='word_1_114' title='bbox 1926 871 2080 933; x_wconf 75' lang='lat' dir='ltr'>placere</span> <span class='ocrx_word' id='word_1_115' title='bbox 2091 872 2111 911; x_wconf 84' lang='lat'><em>?</em></span> <span class='ocrx_word' id='word_1_116' title='bbox 2131 865 2233 929; x_wconf 77' lang='lat' dir='ltr'>Gal.</span> 
     </span>
    </p>

    <p class='ocr_par' dir='ltr' id='par_1_6' title="bbox 390 943 2230 1088">
     <span class='ocr_line' id='line_1_12' title="bbox 619 943 1697 1021; baseline -0.024 -11"><span class='ocrx_word' id='word_1_117' title='bbox 619 981 656 1009; x_wconf 89' lang='lat'>1:</span> <span class='ocrx_word' id='word_1_118' title='bbox 676 980 739 1008; x_wconf 92' lang='lat'>10.</span> <span class='ocrx_word' id='word_1_119' title='bbox 766 966 930 1007; x_wconf 77' lang='lat' dir='ltr'>Notum</span> <span class='ocrx_word' id='word_1_120' title='bbox 940 959 1022 1021; x_wconf 80' lang='lat' dir='ltr'>ipsis</span> <span class='ocrx_word' id='word_1_121' title='bbox 1024 958 1105 1016; x_wconf 74' lang='lat' dir='ltr'>fhci</span> <span class='ocrx_word' id='word_1_122' title='bbox 1117 969 1258 998; x_wconf 82' lang='lat' dir='ltr'>nomen</span> <span class='ocrx_word' id='word_1_123' title='bbox 1271 965 1405 995; x_wconf 78' lang='lat' dir='ltr'>tunm.</span> <span class='ocrx_word' id='word_1_124' title='bbox 1423 943 1523 1008; x_wconf 87' lang='lat' dir='ltr'>Joh.</span> <span class='ocrx_word' id='word_1_125' title='bbox 1544 960 1611 1004; x_wconf 90' lang='lat'>17:</span> <span class='ocrx_word' id='word_1_126' title='bbox 1628 948 1697 986; x_wconf 90' lang='lat'>26.</span> 
     </span>
     <span class='ocr_line' id='line_1_13' title="bbox 390 997 2230 1088; baseline -0.021 -9"><span class='ocrx_word' id='word_1_127' title='bbox 390 1037 528 1088; x_wconf 80' lang='lat' dir='ltr'>partitio</span> <span class='ocrx_word' id='word_1_128' title='bbox 537 1051 569 1075; x_wconf 84' lang='lat' dir='ltr'>e·</span> <span class='ocrx_word' id='word_1_129' title='bbox 680 1032 719 1074; x_wconf 91' lang='lat' dir='ltr'><strong>X</strong></span> <span class='ocrx_word' id='word_1_130' title='bbox 730 1031 771 1073; x_wconf 91' lang='lat' dir='ltr'><strong>X</strong></span> <span class='ocrx_word' id='word_1_131' title='bbox 783 1031 822 1072; x_wconf 93' lang='lat' dir='ltr'><strong>X</strong></span> <span class='ocrx_word' id='word_1_132' title='bbox 835 1029 891 1073; x_wconf 87' lang='lat' dir='ltr'>V.</span> <span class='ocrx_word' id='word_1_133' title='bbox 938 1020 1176 1069; x_wconf 78' lang='lat' dir='ltr'>Gentilibus</span> <span class='ocrx_word' id='word_1_134' title='bbox 1200 1030 1355 1061; x_wconf 91' lang='lat' dir='ltr'>nomen</span> <span class='ocrx_word' id='word_1_135' title='bbox 1380 1009 1483 1057; x_wconf 87' lang='lat' dir='ltr'>illud</span> <span class='ocrx_word' id='word_1_136' title='bbox 1506 1009 1706 1070; x_wconf 84' lang='lat' dir='ltr'>triplicem</span> <span class='ocrx_word' id='word_1_137' title='bbox 1731 1001 1899 1048; x_wconf 72' lang='lat' dir='ltr'>notabat</span> <span class='ocrx_word' id='word_1_138' title='bbox 1933 997 2230 1059; x_wconf 81' lang='lat' dir='ltr'>Theologiam.</span> 
     </span>
    </p>
   </div>
   <div class='ocr_carea' id='block_1_3' title="bbox 385 1061 2236 1222">
    <p class='ocr_par' dir='ltr' id='par_1_7' title="bbox 385 1061 2236 1222">
     <span class='ocr_line' id='line_1_14' title="bbox 385 1061 2236 1156; baseline -0.019 -15"><span class='ocrx_word' id='word_1_139' title='bbox 385 1093 443 1156; x_wconf 52' lang='lat' dir='ltr'>ju}</span> <span class='ocrx_word' id='word_1_140' title='bbox 463 1094 497 1130; x_wconf 57' lang='lat'>‘⁸²²</span> <span class='ocrx_word' id='word_1_141' title='bbox 516 1093 597 1143; x_wconf 69' lang='lat' dir='ltr'>spu·</span> <span class='ocrx_word' id='word_1_142' title='bbox 621 1112 655 1140; x_wconf 92' lang='lat'>1.</span> <span class='ocrx_word' id='word_1_143' title='bbox 682 1089 861 1139; x_wconf 60' lang='lat' dir='ltr'>qumlw‘,</span> <span class='ocrx_word' id='word_1_144' title='bbox 891 1084 1191 1148; x_wconf 57' lang='lat' dir='ltr'>seufalmlosbm</span> <span class='ocrx_word' id='word_1_145' title='bbox 1204 1086 1432 1144; x_wconf 83' lang='lat' dir='ltr'>po‘e&#39;tarum.</span> <span class='ocrx_word' id='word_1_146' title='bbox 1472 1092 1512 1120; x_wconf 87' lang='lat'>2.</span> <span class='ocrx_word' id='word_1_147' title='bbox 1539 1068 1724 1120; x_wconf 61' lang='lat' dir='ltr'>quoa-mh),</span> <span class='ocrx_word' id='word_1_148' title='bbox 1749 1068 1815 1113; x_wconf 76' lang='lat' dir='ltr'>seu</span> <span class='ocrx_word' id='word_1_149' title='bbox 1838 1067 2072 1111; x_wconf 75' lang='lat' dir='ltr'>naturalem</span> <span class='ocrx_word' id='word_1_150' title='bbox 2093 1061 2236 1126; x_wconf 81' lang='lat' dir='ltr'>philo.-</span> 
     </span>
     <span class='ocr_line' id='line_1_15' title="bbox 395 1130 2232 1222; baseline -0.021 -12"><span class='ocrx_word' id='word_1_151' title='bbox 395 1160 496 1189; x_wconf 75' lang='lat'>&#39;&#39;¹‘⁸&#39;⁷&#39;’</span> <span class='ocrx_word' id='word_1_152' title='bbox 616 1157 857 1222; x_wconf 87' lang='lat' dir='ltr'>sophorum.</span> <span class='ocrx_word' id='word_1_153' title='bbox 885 1172 918 1216; x_wconf 76' lang='lat'>3.</span> <span class='ocrx_word' id='word_1_154' title='bbox 943 1147 1135 1190; x_wconf 52' lang='lat' dir='ltr'>maamad,</span> <span class='ocrx_word' id='word_1_155' title='bbox 1162 1149 1228 1193; x_wconf 90' lang='lat' dir='ltr'>seu</span> <span class='ocrx_word' id='word_1_156' title='bbox 1239 1147 1396 1192; x_wconf 72' lang='lat' dir='ltr'>civilem</span> <span class='ocrx_word' id='word_1_157' title='bbox 1409 1130 2030 1204; x_wconf 71' lang='lat' dir='ltr'>legissatorum&amp;sacerdotum;</span> <span class='ocrx_word' id='word_1_158' title='bbox 2050 1144 2232 1190; x_wconf 85' lang='lat' dir='ltr'>quarum</span> 
     </span>
    </p>
   </div>
   <div class='ocr_carea' id='block_1_4' title="bbox 389 1195 2365 2653">
    <p class='ocr_par' dir='ltr' id='par_1_8' title="bbox 389 1195 2365 2005">
     <span class='ocr_line' id='line_1_16' title="bbox 615 1195 2231 1287; baseline -0.022 -16"><span class='ocrx_word' id='word_1_159' title='bbox 615 1227 728 1287; x_wconf 86' lang='lat' dir='ltr'>prior</span> <span class='ocrx_word' id='word_1_160' title='bbox 752 1222 927 1268; x_wconf 89' lang='lat' dir='ltr'>deorum</span> <span class='ocrx_word' id='word_1_161' title='bbox 951 1218 1151 1263; x_wconf 73' lang='lat' dir='ltr'>rationem</span> <span class='ocrx_word' id='word_1_162' title='bbox 1175 1210 1403 1274; x_wconf 84' lang='lat' dir='ltr'>exponebat</span> <span class='ocrx_word' id='word_1_163' title='bbox 1415 1209 1457 1252; x_wconf 87' lang='lat' dir='ltr'>in</span> <span class='ocrx_word' id='word_1_164' title='bbox 1470 1204 1631 1252; x_wconf 78' lang='lat' dir='ltr'>theatris</span> <span class='ocrx_word' id='word_1_165' title='bbox 1644 1236 1656 1257; x_wconf 84' lang='lat'>‚</span> <span class='ocrx_word' id='word_1_166' title='bbox 1680 1202 1798 1246; x_wconf 74' lang='lat' dir='ltr'>altera</span> <span class='ocrx_word' id='word_1_167' title='bbox 1809 1200 1852 1242; x_wconf 88' lang='lat' dir='ltr'>in</span> <span class='ocrx_word' id='word_1_168' title='bbox 1877 1195 2019 1242; x_wconf 84' lang='lat' dir='ltr'>scholis</span> <span class='ocrx_word' id='word_1_169' title='bbox 2029 1230 2041 1248; x_wconf 95' lang='lat'>‚</span> <span class='ocrx_word' id='word_1_170' title='bbox 2084 1196 2231 1240; x_wconf 84' lang='lat' dir='ltr'>ultima</span> 
     </span>
     <span class='ocr_line' id='line_1_17' title="bbox 614 1258 2365 1350; baseline -0.021 -14"><span class='ocrx_word' id='word_1_171' title='bbox 614 1292 657 1334; x_wconf 88' lang='lat' dir='ltr'>in</span> <span class='ocrx_word' id='word_1_172' title='bbox 668 1289 841 1350; x_wconf 87' lang='lat' dir='ltr'>templis.</span> <span class='ocrx_word' id='word_1_173' title='bbox 853 1283 937 1331; x_wconf 88' lang='lat' dir='ltr'>vid.</span> <span class='ocrx_word' id='word_1_174' title='bbox 952 1279 1133 1345; x_wconf 84' lang='lat' dir='ltr'>August.</span> <span class='ocrx_word' id='word_1_175' title='bbox 1146 1277 1196 1324; x_wconf 92' lang='lat' dir='ltr'>de</span> <span class='ocrx_word' id='word_1_176' title='bbox 1207 1279 1304 1323; x_wconf 87' lang='lat' dir='ltr'>Civ.</span> <span class='ocrx_word' id='word_1_177' title='bbox 1317 1276 1401 1320; x_wconf 90' lang='lat' dir='ltr'>Dei</span> <span class='ocrx_word' id='word_1_178' title='bbox 1411 1273 1481 1317; x_wconf 89' lang='lat' dir='ltr'>lib.</span> <span class='ocrx_word' id='word_1_179' title='bbox 1498 1279 1538 1317; x_wconf 90' lang='lat'>6.</span> <span class='ocrx_word' id='word_1_180' title='bbox 1551 1287 1584 1315; x_wconf 87' lang='lat' dir='ltr'>c.</span> <span class='ocrx_word' id='word_1_181' title='bbox 1605 1283 1641 1328; x_wconf 87' lang='lat'>5.</span> <span class='ocrx_word' id='word_1_182' title='bbox 1664 1271 1826 1314; x_wconf 87' lang='lat' dir='ltr'>Verum</span> <span class='ocrx_word' id='word_1_183' title='bbox 1839 1264 1975 1308; x_wconf 87' lang='lat' dir='ltr'>omnis</span> <span class='ocrx_word' id='word_1_184' title='bbox 1986 1259 2072 1306; x_wconf 73' lang='lat' dir='ltr'>haec</span> <span class='ocrx_word' id='word_1_185' title='bbox 2084 1258 2232 1306; x_wconf 86' lang='lat' dir='ltr'>Theo-</span> <span class='ocrx_word' id='word_1_186' title='bbox 2362 1268 2365 1317; x_wconf 56' lang='lat' dir='ltr'><strong>f</strong></span> 
     </span>
     <span class='ocr_line' id='line_1_18' title="bbox 614 1319 2364 1417; baseline -0.02 -16"><span class='ocrx_word' id='word_1_187' title='bbox 614 1356 720 1417; x_wconf 84' lang='lat' dir='ltr'>logia</span> <span class='ocrx_word' id='word_1_188' title='bbox 733 1351 911 1399; x_wconf 76' lang='lat' dir='ltr'>fabulosa</span> <span class='ocrx_word' id='word_1_189' title='bbox 923 1354 965 1394; x_wconf 88' lang='lat'>&amp;</span> <span class='ocrx_word' id='word_1_190' title='bbox 978 1350 1110 1409; x_wconf 86' lang='lat' dir='ltr'>inepta</span> <span class='ocrx_word' id='word_1_191' title='bbox 1121 1343 1178 1389; x_wconf 90' lang='lat' dir='ltr'>est</span> <span class='ocrx_word' id='word_1_192' title='bbox 1191 1362 1200 1387; x_wconf 79' lang='lat' dir='ltr'>t</span> <span class='ocrx_word' id='word_1_193' title='bbox 1212 1339 1330 1403; x_wconf 90' lang='lat' dir='ltr'>quod</span> <span class='ocrx_word' id='word_1_194' title='bbox 1341 1341 1465 1385; x_wconf 81' lang='lat' dir='ltr'>etiam</span> <span class='ocrx_word' id='word_1_195' title='bbox 1476 1335 1658 1400; x_wconf 76' lang='lat' dir='ltr'>apparuit</span> <span class='ocrx_word' id='word_1_196' title='bbox 1669 1334 1712 1378; x_wconf 89' lang='lat' dir='ltr'>in</span> <span class='ocrx_word' id='word_1_197' title='bbox 1725 1331 1796 1377; x_wconf 87' lang='lat' dir='ltr'>illo</span> <span class='ocrx_word' id='word_1_198' title='bbox 1809 1329 2014 1392; x_wconf 84' lang='lat' dir='ltr'>religionis</span> <span class='ocrx_word' id='word_1_199' title='bbox 2024 1331 2067 1372; x_wconf 74' lang='grc' dir='ltr'>δε</span> <span class='ocrx_word' id='word_1_200' title='bbox 2080 1327 2232 1390; x_wconf 79' lang='lat' dir='ltr'>sapien-</span> <span class='ocrx_word' id='word_1_201' title='bbox 2362 1319 2364 1332; x_wconf 63' lang='grc'>”</span> 
     </span>
     <span class='ocr_line' id='line_1_19' title="bbox 613 1407 1438 1479; baseline -0.021 -13"><span class='ocrx_word' id='word_1_202' title='bbox 613 1421 694 1473; x_wconf 67' lang='lat' dir='ltr'>tiae,</span> <span class='ocrx_word' id='word_1_203' title='bbox 708 1416 827 1479; x_wconf 89' lang='lat' dir='ltr'>quod</span> <span class='ocrx_word' id='word_1_204' title='bbox 839 1413 947 1478; x_wconf 82' lang='lat' dir='ltr'>apud</span> <span class='ocrx_word' id='word_1_205' title='bbox 959 1413 1123 1476; x_wconf 84' lang='lat' dir='ltr'>gentiles</span> <span class='ocrx_word' id='word_1_206' title='bbox 1134 1409 1227 1462; x_wconf 84' lang='lat' dir='ltr'>fuit,</span> <span class='ocrx_word' id='word_1_207' title='bbox 1240 1407 1438 1453; x_wconf 87' lang='lat' dir='ltr'>divortio.</span> 
     </span>
     <span class='ocr_line' id='line_1_20' title="bbox 395 1456 2234 1548; baseline -0.02 -8"><span class='ocrx_word' id='word_1_208' title='bbox 395 1498 592 1548; x_wconf 74' lang='lat' dir='ltr'>&amp;veram5</span> <span class='ocrx_word' id='word_1_209' title='bbox 678 1487 874 1530; x_wconf 90' lang='lat' dir='ltr'><strong>XXXV</strong></span> <span class='ocrx_word' id='word_1_210' title='bbox 889 1485 921 1526; x_wconf 92' lang='grc' dir='ltr'>Ι.</span> <span class='ocrx_word' id='word_1_211' title='bbox 956 1475 1087 1540; x_wconf 87' lang='lat' dir='ltr'><strong>Apud</strong></span> <span class='ocrx_word' id='word_1_212' title='bbox 1110 1472 1364 1522; x_wconf 73' lang='lat' dir='ltr'>Christianos</span> <span class='ocrx_word' id='word_1_213' title='bbox 1386 1467 1627 1530; x_wconf 80' lang='lat' dir='ltr'>Theologia</span> <span class='ocrx_word' id='word_1_214' title='bbox 1651 1480 1739 1510; x_wconf 89' lang='lat' dir='ltr'>non</span> <span class='ocrx_word' id='word_1_215' title='bbox 1763 1478 1851 1508; x_wconf 88' lang='lat' dir='ltr'>uno</span> <span class='ocrx_word' id='word_1_216' title='bbox 1874 1461 1995 1507; x_wconf 87' lang='lat' dir='ltr'>etiam</span> <span class='ocrx_word' id='word_1_217' title='bbox 2022 1456 2155 1505; x_wconf 88' lang='lat' dir='ltr'>modo</span> <span class='ocrx_word' id='word_1_218' title='bbox 2169 1457 2234 1504; x_wconf 84' lang='lat' dir='ltr'>su·-</span> 
     </span>
     <span class='ocr_line' id='line_1_21' title="bbox 393 1525 2236 1607; baseline -0.014 -14"><span class='ocrx_word' id='word_1_219' title='bbox 393 1568 462 1606; x_wconf 77' lang='lat' dir='ltr'>quae</span> <span class='ocrx_word' id='word_1_220' title='bbox 487 1557 592 1593; x_wconf 84' lang='lat' dir='ltr'>varia</span> <span class='ocrx_word' id='word_1_221' title='bbox 614 1551 766 1595; x_wconf 87' lang='lat' dir='ltr'>mitur:</span> <span class='ocrx_word' id='word_1_222' title='bbox 791 1546 926 1594; x_wconf 79' lang='lat' dir='ltr'>modo</span> <span class='ocrx_word' id='word_1_223' title='bbox 951 1561 1026 1607; x_wconf 89' lang='lat' dir='ltr'>pro</span> <span class='ocrx_word' id='word_1_224' title='bbox 1050 1541 1168 1588; x_wconf 55' lang='lat' dir='ltr'>finit&amp;</span> <span class='ocrx_word' id='word_1_225' title='bbox 1191 1552 1378 1585; x_wconf 80' lang='lat' dir='ltr'>creaturae</span> <span class='ocrx_word' id='word_1_226' title='bbox 1391 1570 1404 1590; x_wconf 92' lang='lat'>,</span> <span class='ocrx_word' id='word_1_227' title='bbox 1428 1532 1564 1581; x_wconf 76' lang='lat' dir='ltr'>modo</span> <span class='ocrx_word' id='word_1_228' title='bbox 1589 1548 1666 1596; x_wconf 88' lang='lat' dir='ltr'>pro</span> <span class='ocrx_word' id='word_1_229' title='bbox 1690 1528 1852 1577; x_wconf 58' lang='lat' dir='ltr'>infinit&amp;</span> <span class='ocrx_word' id='word_1_230' title='bbox 1863 1526 1984 1590; x_wconf 80' lang='lat' dir='ltr'>ipsius</span> <span class='ocrx_word' id='word_1_231' title='bbox 1997 1526 2080 1572; x_wconf 93' lang='lat' dir='ltr'>Dei</span> <span class='ocrx_word' id='word_1_232' title='bbox 2092 1525 2236 1586; x_wconf 88' lang='lat' dir='ltr'>cogni-</span> 
     </span>
     <span class='ocr_line' id='line_1_22' title="bbox 395 1595 2236 1673; baseline -0.016 -10"><span class='ocrx_word' id='word_1_233' title='bbox 395 1610 439 1657; x_wconf 77' lang='lat' dir='ltr'>‘st</span> <span class='ocrx_word' id='word_1_234' title='bbox 461 1618 524 1673; x_wconf 60' lang='grc' dir='ltr'>,ΡΜ</span> <span class='ocrx_word' id='word_1_235' title='bbox 613 1617 738 1660; x_wconf 80' lang='lat' dir='ltr'>tione.</span> <span class='ocrx_word' id='word_1_236' title='bbox 757 1617 861 1661; x_wconf 77' lang='lat' dir='ltr'>Haec</span> <span class='ocrx_word' id='word_1_237' title='bbox 884 1610 940 1657; x_wconf 87' lang='lat' dir='ltr'>est</span> <span class='ocrx_word' id='word_1_238' title='bbox 963 1611 1109 1654; x_wconf 84' lang='lat' dir='ltr'>notitia</span> <span class='ocrx_word' id='word_1_239' title='bbox 1133 1607 1215 1653; x_wconf 90' lang='lat' dir='ltr'>Dei</span> <span class='ocrx_word' id='word_1_240' title='bbox 1228 1603 1278 1650; x_wconf 87' lang='lat' dir='ltr'>de</span> <span class='ocrx_word' id='word_1_241' title='bbox 1289 1602 1436 1666; x_wconf 87' lang='lat' dir='ltr'>seipso.</span> <span class='ocrx_word' id='word_1_242' title='bbox 1459 1602 1610 1645; x_wconf 77' lang='lat' dir='ltr'>Filium</span> <span class='ocrx_word' id='word_1_243' title='bbox 1632 1615 1743 1642; x_wconf 86' lang='lat' dir='ltr'>nemo</span> <span class='ocrx_word' id='word_1_244' title='bbox 1756 1602 1870 1640; x_wconf 76' lang='lat' dir='ltr'>novit</span> <span class='ocrx_word' id='word_1_245' title='bbox 1882 1595 1955 1653; x_wconf 64' lang='lat' dir='ltr'>ng&#39;si</span> <span class='ocrx_word' id='word_1_246' title='bbox 1965 1597 2236 1653; x_wconf 75' lang='lat' dir='ltr'>Pater‚neque</span> 
     </span>
     <span class='ocr_line' id='line_1_23' title="bbox 389 1656 2237 1765; baseline -0.017 -34"><span class='ocrx_word' id='word_1_247' title='bbox 389 1675 525 1765; x_wconf 52' lang='grc' dir='ltr'>7ἱῖοέ</span> <span class='ocrx_word' id='word_1_248' title='bbox 613 1686 779 1728; x_wconf 74' lang='lat' dir='ltr'>Patrem</span> <span class='ocrx_word' id='word_1_249' title='bbox 802 1677 1014 1742; x_wconf 59' lang='lat' dir='ltr'>qmffiuam</span> <span class='ocrx_word' id='word_1_250' title='bbox 1030 1681 1144 1720; x_wconf 85' lang='lat' dir='ltr'>novit</span> <span class='ocrx_word' id='word_1_251' title='bbox 1168 1673 1240 1732; x_wconf 73' lang='lat' dir='ltr'>nfi</span> <span class='ocrx_word' id='word_1_252' title='bbox 1259 1672 1398 1715; x_wconf 74' lang='lat' dir='ltr'>Filius.</span> <span class='ocrx_word' id='word_1_253' title='bbox 1424 1663 1581 1712; x_wconf 77' lang='lat' dir='ltr'>Matth.</span> <span class='ocrx_word' id='word_1_254' title='bbox 1599 1681 1663 1709; x_wconf 88' lang='lat'>11:</span> <span class='ocrx_word' id='word_1_255' title='bbox 1680 1680 1748 1724; x_wconf 87' lang='lat'>27.</span> <span class='ocrx_word' id='word_1_256' title='bbox 1773 1677 1866 1722; x_wconf 80' lang='lat' dir='ltr'>quae</span> <span class='ocrx_word' id='word_1_257' title='bbox 1879 1660 2003 1704; x_wconf 81' lang='lat' dir='ltr'>ctiam</span> <span class='ocrx_word' id='word_1_258' title='bbox 2025 1656 2237 1719; x_wconf 77' lang='lat' dir='ltr'>archetypa</span> 
     </span>
     <span class='ocr_line' id='line_1_24' title="bbox 407 1723 2234 1808; baseline -0.017 -12"><span class='ocrx_word' id='word_1_259' title='bbox 407 1734 428 1756; x_wconf 87' lang='lat' dir='ltr'><em>u</em></span> <span class='ocrx_word' id='word_1_260' title='bbox 444 1732 479 1768; x_wconf 71' lang='lat' dir='ltr'>Je</span> <span class='ocrx_word' id='word_1_261' title='bbox 523 1747 529 1754; x_wconf 82' lang='grc'><strong>’</strong></span> <span class='ocrx_word' id='word_1_262' title='bbox 614 1744 708 1791; x_wconf 88' lang='lat' dir='ltr'>inde</span> <span class='ocrx_word' id='word_1_263' title='bbox 732 1745 916 1808; x_wconf 78' lang='lat' dir='ltr'>appellari</span> <span class='ocrx_word' id='word_1_264' title='bbox 939 1742 1061 1795; x_wconf 79' lang='lat' dir='ltr'>solet,</span> <span class='ocrx_word' id='word_1_265' title='bbox 1086 1753 1285 1798; x_wconf 72' lang='lat' dir='ltr'>tanquam</span> <span class='ocrx_word' id='word_1_266' title='bbox 1297 1733 1502 1795; x_wconf 82' lang='lat' dir='ltr'>exemplar</span> <span class='ocrx_word' id='word_1_267' title='bbox 1513 1729 1758 1791; x_wconf 87' lang='lat' dir='ltr'>cognitionis</span> <span class='ocrx_word' id='word_1_268' title='bbox 1769 1723 1932 1771; x_wconf 75' lang='lat' dir='ltr'>nostrae.</span> <span class='ocrx_word' id='word_1_269' title='bbox 1975 1729 2234 1784; x_wconf 87' lang='lat' dir='ltr'>Qanquam</span> 
     </span>
     <span class='ocr_line' id='line_1_25' title="bbox 613 1784 2231 1872; baseline -0.016 -14"><span class='ocrx_word' id='word_1_270' title='bbox 613 1828 749 1856; x_wconf 80' lang='lat' dir='ltr'>revera</span> <span class='ocrx_word' id='word_1_271' title='bbox 771 1808 1022 1872; x_wconf 87' lang='lat' dir='ltr'>archetypon</span> <span class='ocrx_word' id='word_1_272' title='bbox 1045 1803 1194 1850; x_wconf 80' lang='lat' dir='ltr'>nostrae</span> <span class='ocrx_word' id='word_1_273' title='bbox 1217 1799 1461 1861; x_wconf 79' lang='lat' dir='ltr'>Theologiae</span> <span class='ocrx_word' id='word_1_274' title='bbox 1487 1812 1574 1841; x_wconf 87' lang='lat' dir='ltr'>non</span> <span class='ocrx_word' id='word_1_275' title='bbox 1597 1793 1655 1839; x_wconf 92' lang='lat' dir='ltr'>est</span> <span class='ocrx_word' id='word_1_276' title='bbox 1678 1793 1862 1855; x_wconf 83' lang='lat' dir='ltr'>cognitio</span> <span class='ocrx_word' id='word_1_277' title='bbox 1886 1789 2074 1835; x_wconf 78' lang='lat' dir='ltr'>naturalis</span> <span class='ocrx_word' id='word_1_278' title='bbox 2085 1789 2166 1834; x_wconf 92' lang='lat' dir='ltr'>Dei</span> <span class='ocrx_word' id='word_1_279' title='bbox 2179 1784 2231 1833; x_wconf 91' lang='lat' dir='ltr'>de</span> 
     </span>
     <span class='ocr_line' id='line_1_26' title="bbox 614 1852 2232 1939; baseline -0.015 -17"><span class='ocrx_word' id='word_1_280' title='bbox 614 1876 751 1939; x_wconf 86' lang='lat' dir='ltr'>seipso,</span> <span class='ocrx_word' id='word_1_281' title='bbox 764 1892 910 1922; x_wconf 87' lang='lat' dir='ltr'>verum</span> <span class='ocrx_word' id='word_1_282' title='bbox 922 1871 964 1919; x_wconf 90' lang='lat' dir='ltr'>id</span> <span class='ocrx_word' id='word_1_283' title='bbox 978 1869 1097 1932; x_wconf 90' lang='lat' dir='ltr'>quod</span> <span class='ocrx_word' id='word_1_284' title='bbox 1107 1874 1224 1916; x_wconf 83' lang='lat' dir='ltr'>Deus</span> <span class='ocrx_word' id='word_1_285' title='bbox 1234 1865 1409 1913; x_wconf 86' lang='lat' dir='ltr'>decrevit</span> <span class='ocrx_word' id='word_1_286' title='bbox 1420 1862 1470 1910; x_wconf 87' lang='lat' dir='ltr'>de</span> <span class='ocrx_word' id='word_1_287' title='bbox 1481 1862 1517 1908; x_wconf 79' lang='lat' dir='ltr'>[e</span> <span class='ocrx_word' id='word_1_288' title='bbox 1527 1861 1646 1906; x_wconf 86' lang='lat' dir='ltr'>nobis</span> <span class='ocrx_word' id='word_1_289' title='bbox 1658 1856 1879 1907; x_wconf 84' lang='lat' dir='ltr'>notificare,</span> <span class='ocrx_word' id='word_1_290' title='bbox 1896 1869 1943 1901; x_wconf 90' lang='lat' dir='ltr'>ut</span> <span class='ocrx_word' id='word_1_291' title='bbox 1956 1852 2232 1900; x_wconf 84' lang='lat' dir='ltr'>formaremur</span> 
     </span>
     <span class='ocr_line' id='line_1_27' title="bbox 615 1937 1044 2005; baseline -0.012 -18"><span class='ocrx_word' id='word_1_292' title='bbox 615 1940 665 1988; x_wconf 81' lang='lat' dir='ltr'>ad</span> <span class='ocrx_word' id='word_1_293' title='bbox 678 1943 898 2005; x_wconf 80' lang='lat' dir='ltr'>imaginem</span> <span class='ocrx_word' id='word_1_294' title='bbox 912 1937 1044 2002; x_wconf 84' lang='lat' dir='ltr'>ipfius.</span> 
     </span>
    </p>

    <p class='ocr_par' dir='ltr' id='par_1_9' title="bbox 614 1985 2233 2527">
     <span class='ocr_line' id='line_1_28' title="bbox 677 1985 2233 2062; baseline -0.016 -9"><span class='ocrx_word' id='word_1_295' title='bbox 677 2011 718 2053; x_wconf 91' lang='lat' dir='ltr'><strong>X</strong></span> <span class='ocrx_word' id='word_1_296' title='bbox 729 2011 768 2052; x_wconf 92' lang='lat' dir='ltr'><strong>X</strong></span> <span class='ocrx_word' id='word_1_297' title='bbox 781 2011 820 2053; x_wconf 92' lang='lat' dir='ltr'><strong>X</strong></span> <span class='ocrx_word' id='word_1_298' title='bbox 833 2011 874 2054; x_wconf 94' lang='lat' dir='ltr'>V</span> <span class='ocrx_word' id='word_1_299' title='bbox 886 2010 907 2051; x_wconf 92' lang='lat' dir='ltr'><strong>I</strong></span> <span class='ocrx_word' id='word_1_300' title='bbox 920 2010 954 2051; x_wconf 94' lang='grc' dir='ltr'>Ι.</span> <span class='ocrx_word' id='word_1_301' title='bbox 988 2004 1117 2050; x_wconf 82' lang='lat' dir='ltr'>Finita</span> <span class='ocrx_word' id='word_1_302' title='bbox 1127 1999 1360 2062; x_wconf 82' lang='lat' dir='ltr'>Theologia</span> <span class='ocrx_word' id='word_1_303' title='bbox 1371 1997 1589 2060; x_wconf 78' lang='lat' dir='ltr'>appellatur</span> <span class='ocrx_word' id='word_1_304' title='bbox 1600 2005 1871 2039; x_wconf 79' lang='lat' dir='ltr'>creaturarum</span> <span class='ocrx_word' id='word_1_305' title='bbox 1884 1985 1935 2032; x_wconf 91' lang='lat' dir='ltr'>de</span> <span class='ocrx_word' id='word_1_306' title='bbox 1945 1989 2043 2033; x_wconf 94' lang='lat' dir='ltr'>Deo</span> <span class='ocrx_word' id='word_1_307' title='bbox 2057 1985 2202 2030; x_wconf 85' lang='lat' dir='ltr'>notitia</span> <span class='ocrx_word' id='word_1_308' title='bbox 2217 2001 2233 2029; x_wconf 71' lang='grc' dir='ltr'>ι</span> 
     </span>
     <span class='ocr_line' id='line_1_29' title="bbox 615 2047 2230 2134; baseline -0.016 -14"><span class='ocrx_word' id='word_1_309' title='bbox 615 2089 708 2133; x_wconf 76' lang='lat' dir='ltr'>quae</span> <span class='ocrx_word' id='word_1_310' title='bbox 732 2074 829 2134; x_wconf 86' lang='lat' dir='ltr'>quia</span> <span class='ocrx_word' id='word_1_311' title='bbox 850 2088 900 2117; x_wconf 81' lang='lat' dir='ltr'>ex</span> <span class='ocrx_word' id='word_1_312' title='bbox 923 2072 989 2116; x_wconf 81' lang='lat' dir='ltr'>illa</span> <span class='ocrx_word' id='word_1_313' title='bbox 1012 2070 1095 2115; x_wconf 93' lang='lat' dir='ltr'>Dei</span> <span class='ocrx_word' id='word_1_314' title='bbox 1119 2065 1422 2117; x_wconf 77' lang='lat' dir='ltr'>notificatione,</span> <span class='ocrx_word' id='word_1_315' title='bbox 1455 2076 1654 2121; x_wconf 79' lang='lat' dir='ltr'>tanquam</span> <span class='ocrx_word' id='word_1_316' title='bbox 1666 2054 1882 2117; x_wconf 82' lang='lat' dir='ltr'>exemplari</span> <span class='ocrx_word' id='word_1_317' title='bbox 1894 2052 1967 2097; x_wconf 92' lang='lat' dir='ltr'>suo</span> <span class='ocrx_word' id='word_1_318' title='bbox 1988 2050 2122 2106; x_wconf 83' lang='lat' dir='ltr'>,fluit‚</span> <span class='ocrx_word' id='word_1_319' title='bbox 2134 2047 2230 2096; x_wconf 89' lang='lat' dir='ltr'>inde</span> 
     </span>
     <span class='ocr_line' id='line_1_30' title="bbox 614 2114 2229 2202; baseline -0.016 -17"><span class='ocrx_word' id='word_1_320' title='bbox 614 2140 744 2202; x_wconf 58' lang='lat' dir='ltr'>effypa</span> <span class='ocrx_word' id='word_1_321' title='bbox 757 2138 989 2201; x_wconf 78' lang='lat' dir='ltr'>appellatur.</span> <span class='ocrx_word' id='word_1_322' title='bbox 1026 2135 1141 2197; x_wconf 82' lang='lat' dir='ltr'>Qia</span> <span class='ocrx_word' id='word_1_323' title='bbox 1153 2147 1289 2179; x_wconf 85' lang='lat' dir='ltr'>autem</span> <span class='ocrx_word' id='word_1_324' title='bbox 1301 2130 1367 2175; x_wconf 84' lang='lat' dir='ltr'>illa</span> <span class='ocrx_word' id='word_1_325' title='bbox 1378 2125 1701 2173; x_wconf 80' lang='lat' dir='ltr'>communicatio</span> <span class='ocrx_word' id='word_1_326' title='bbox 1725 2121 1830 2167; x_wconf 64' lang='lat' dir='ltr'>facta</span> <span class='ocrx_word' id='word_1_327' title='bbox 1842 2117 1899 2164; x_wconf 89' lang='lat' dir='ltr'>est</span> <span class='ocrx_word' id='word_1_328' title='bbox 1911 2153 1924 2170; x_wconf 93' lang='lat'><em>,</em></span> <span class='ocrx_word' id='word_1_329' title='bbox 1960 2118 2024 2163; x_wconf 89' lang='lat' dir='ltr'>vel</span> <span class='ocrx_word' id='word_1_330' title='bbox 2035 2114 2229 2162; x_wconf 81' lang='lat' dir='ltr'>humanae</span> 
     </span>
     <span class='ocr_line' id='line_1_31' title="bbox 616 2182 2229 2253; baseline -0.015 -3"><span class='ocrx_word' id='word_1_331' title='bbox 616 2218 770 2250; x_wconf 86' lang='lat' dir='ltr'>naturae</span> <span class='ocrx_word' id='word_1_332' title='bbox 783 2201 951 2249; x_wconf 88' lang='lat' dir='ltr'>Christi.</span> <span class='ocrx_word' id='word_1_333' title='bbox 978 2205 1117 2246; x_wconf 72' lang='lat' dir='ltr'>vnxit</span> <span class='ocrx_word' id='word_1_334' title='bbox 1130 2213 1180 2253; x_wconf 80' lang='lat' dir='ltr'>te,</span> <span class='ocrx_word' id='word_1_335' title='bbox 1194 2218 1214 2243; x_wconf 90' lang='lat' dir='ltr'><em>o</em></span> <span class='ocrx_word' id='word_1_336' title='bbox 1226 2202 1356 2249; x_wconf 78' lang='lat' dir='ltr'>Deus,</span> <span class='ocrx_word' id='word_1_337' title='bbox 1368 2198 1481 2240; x_wconf 80' lang='lat' dir='ltr'>Deus</span> <span class='ocrx_word' id='word_1_338' title='bbox 1494 2207 1601 2237; x_wconf 77' lang='lat' dir='ltr'>tuus.</span> <span class='ocrx_word' id='word_1_339' title='bbox 1640 2188 1742 2234; x_wconf 83' lang='lat' dir='ltr'>Psal.</span> <span class='ocrx_word' id='word_1_340' title='bbox 1758 2201 1830 2246; x_wconf 86' lang='lat'>45:</span> <span class='ocrx_word' id='word_1_341' title='bbox 1859 2186 1899 2232; x_wconf 89' lang='lat'>8.</span> <span class='ocrx_word' id='word_1_342' title='bbox 1927 2184 1992 2228; x_wconf 92' lang='lat' dir='ltr'>vel</span> <span class='ocrx_word' id='word_1_343' title='bbox 2004 2182 2173 2244; x_wconf 86' lang='lat' dir='ltr'>Angelis</span> <span class='ocrx_word' id='word_1_344' title='bbox 2184 2185 2229 2226; x_wconf 82' lang='lat'>&amp;</span> 
     </span>
     <span class='ocr_line' id='line_1_32' title="bbox 616 2251 2229 2321; baseline -0.015 -6"><span class='ocrx_word' id='word_1_345' title='bbox 616 2269 739 2315; x_wconf 79' lang='lat' dir='ltr'>beatis</span> <span class='ocrx_word' id='word_1_346' title='bbox 762 2270 804 2314; x_wconf 92' lang='lat' dir='ltr'>in</span> <span class='ocrx_word' id='word_1_347' title='bbox 817 2269 949 2318; x_wconf 87' lang='lat' dir='ltr'>coelo,</span> <span class='ocrx_word' id='word_1_348' title='bbox 977 2264 1224 2311; x_wconf 76' lang='lat' dir='ltr'>intuentibus</span> <span class='ocrx_word' id='word_1_349' title='bbox 1234 2263 1388 2321; x_wconf 79' lang='lat' dir='ltr'>faciem</span> <span class='ocrx_word' id='word_1_350' title='bbox 1398 2263 1549 2306; x_wconf 73' lang='lat' dir='ltr'>Patris.</span> <span class='ocrx_word' id='word_1_351' title='bbox 1573 2251 1732 2301; x_wconf 88' lang='lat' dir='ltr'>Matth.</span> <span class='ocrx_word' id='word_1_352' title='bbox 1751 2253 1818 2298; x_wconf 85' lang='lat'>18:</span> <span class='ocrx_word' id='word_1_353' title='bbox 1837 2267 1907 2297; x_wconf 92' lang='lat'>10.</span> <span class='ocrx_word' id='word_1_354' title='bbox 1937 2255 2132 2302; x_wconf 76' lang='lat' dir='ltr'>&amp;coram</span> <span class='ocrx_word' id='word_1_355' title='bbox 2145 2265 2229 2292; x_wconf 82' lang='lat' dir='ltr'>cer-</span> 
     </span>
     <span class='ocr_line' id='line_1_33' title="bbox 617 2311 2226 2392; baseline -0.014 -13"><span class='ocrx_word' id='word_1_356' title='bbox 617 2333 811 2379; x_wconf 81' lang='lat' dir='ltr'>nentibus.</span> <span class='ocrx_word' id='word_1_357' title='bbox 832 2351 849 2380; x_wconf 92' lang='lat'>1</span> <span class='ocrx_word' id='word_1_358' title='bbox 857 2368 868 2379; x_wconf 89' lang='lat'><strong>.</strong></span> <span class='ocrx_word' id='word_1_359' title='bbox 881 2336 986 2378; x_wconf 89' lang='lat' dir='ltr'>Cor.</span> <span class='ocrx_word' id='word_1_360' title='bbox 1005 2348 1065 2392; x_wconf 74' lang='lat'>13:</span> <span class='ocrx_word' id='word_1_361' title='bbox 1086 2348 1102 2376; x_wconf 92' lang='lat'>1</span> <span class='ocrx_word' id='word_1_362' title='bbox 1111 2346 1148 2374; x_wconf 86' lang='lat'>2.</span> <span class='ocrx_word' id='word_1_363' title='bbox 1174 2330 1237 2375; x_wconf 90' lang='lat' dir='ltr'>vel</span> <span class='ocrx_word' id='word_1_364' title='bbox 1249 2325 1426 2386; x_wconf 90' lang='lat' dir='ltr'>denique</span> <span class='ocrx_word' id='word_1_365' title='bbox 1437 2322 1556 2368; x_wconf 89' lang='lat' dir='ltr'>nobis</span> <span class='ocrx_word' id='word_1_366' title='bbox 1566 2318 1790 2367; x_wconf 81' lang='lat' dir='ltr'>viatoribus</span> <span class='ocrx_word' id='word_1_367' title='bbox 1801 2318 1844 2362; x_wconf 91' lang='lat' dir='ltr'>in</span> <span class='ocrx_word' id='word_1_368' title='bbox 1856 2317 1949 2361; x_wconf 86' lang='lat' dir='ltr'>vitae</span> <span class='ocrx_word' id='word_1_369' title='bbox 1962 2312 2084 2373; x_wconf 85' lang='lat' dir='ltr'>hujus</span> <span class='ocrx_word' id='word_1_370' title='bbox 2096 2311 2226 2358; x_wconf 84' lang='lat' dir='ltr'>stadio</span> 
     </span>
     <span class='ocr_line' id='line_1_34' title="bbox 618 2376 2233 2460; baseline -0.015 -14"><span class='ocrx_word' id='word_1_371' title='bbox 618 2400 884 2450; x_wconf 84' lang='lat' dir='ltr'>currentibus;</span> <span class='ocrx_word' id='word_1_372' title='bbox 898 2405 969 2460; x_wconf 77' lang='lat' dir='ltr'>qm</span> <span class='ocrx_word' id='word_1_373' title='bbox 982 2411 1155 2459; x_wconf 75' lang='lat' dir='ltr'>exparte</span> <span class='ocrx_word' id='word_1_374' title='bbox 1168 2391 1424 2458; x_wconf 80' lang='lat' dir='ltr'>cognoscimus</span> <span class='ocrx_word' id='word_1_375' title='bbox 1436 2393 1515 2434; x_wconf 66' lang='grc' dir='ltr'>δίε.</span> <span class='ocrx_word' id='word_1_376' title='bbox 1544 2405 1579 2434; x_wconf 92' lang='lat'>1.</span> <span class='ocrx_word' id='word_1_377' title='bbox 1596 2390 1700 2432; x_wconf 85' lang='lat' dir='ltr'>Cor.</span> <span class='ocrx_word' id='word_1_378' title='bbox 1718 2400 1779 2445; x_wconf 79' lang='lat'>13:</span> <span class='ocrx_word' id='word_1_379' title='bbox 1796 2386 1836 2435; x_wconf 85' lang='lat'>8,</span> <span class='ocrx_word' id='word_1_380' title='bbox 1841 2399 1885 2439; x_wconf 85' lang='lat'>9,</span> <span class='ocrx_word' id='word_1_381' title='bbox 1899 2396 1960 2425; x_wconf 92' lang='lat'>10.</span> <span class='ocrx_word' id='word_1_382' title='bbox 1977 2377 2072 2425; x_wconf 87' lang='lat' dir='ltr'>inde</span> <span class='ocrx_word' id='word_1_383' title='bbox 2082 2376 2233 2424; x_wconf 81' lang='lat' dir='ltr'>Theo-</span> 
     </span>
     <span class='ocr_line' id='line_1_35' title="bbox 618 2445 1954 2527; baseline -0.013 -19"><span class='ocrx_word' id='word_1_384' title='bbox 618 2465 726 2527; x_wconf 88' lang='lat' dir='ltr'>logia</span> <span class='ocrx_word' id='word_1_385' title='bbox 738 2466 801 2509; x_wconf 85' lang='lat' dir='ltr'>vel</span> <span class='ocrx_word' id='word_1_386' title='bbox 812 2469 998 2517; x_wconf 78' lang='lat' dir='ltr'>Unionis,</span> <span class='ocrx_word' id='word_1_387' title='bbox 1010 2462 1074 2506; x_wconf 91' lang='lat' dir='ltr'>vel</span> <span class='ocrx_word' id='word_1_388' title='bbox 1086 2463 1256 2522; x_wconf 75' lang='lat' dir='ltr'>Wsiom&#39;s,</span> <span class='ocrx_word' id='word_1_389' title='bbox 1272 2458 1336 2502; x_wconf 88' lang='lat' dir='ltr'>vel</span> <span class='ocrx_word' id='word_1_390' title='bbox 1346 2455 1477 2501; x_wconf 79' lang='lat' dir='ltr'>Stadii</span> <span class='ocrx_word' id='word_1_391' title='bbox 1491 2468 1559 2499; x_wconf 84' lang='lat' dir='ltr'>aut</span> <span class='ocrx_word' id='word_1_392' title='bbox 1571 2455 1782 2498; x_wconf 64' lang='lat' dir='ltr'>Vtatomm</span> <span class='ocrx_word' id='word_1_393' title='bbox 1793 2445 1954 2493; x_wconf 83' lang='lat' dir='ltr'>dicitur.</span> 
     </span>
    </p>

    <p class='ocr_par' dir='ltr' id='par_1_10' title="bbox 618 2507 2262 2653">
     <span class='ocr_line' id='line_1_36' title="bbox 681 2507 2262 2579; baseline -0.015 -4"><span class='ocrx_word' id='word_1_394' title='bbox 681 2533 721 2575; x_wconf 92' lang='lat' dir='ltr'>X</span> <span class='ocrx_word' id='word_1_395' title='bbox 733 2533 773 2575; x_wconf 91' lang='lat' dir='ltr'>X</span> <span class='ocrx_word' id='word_1_396' title='bbox 786 2533 826 2575; x_wconf 92' lang='lat' dir='ltr'>X</span> <span class='ocrx_word' id='word_1_397' title='bbox 837 2533 880 2577; x_wconf 91' lang='lat' dir='ltr'>V</span> <span class='ocrx_word' id='word_1_398' title='bbox 892 2534 913 2574; x_wconf 97' lang='lat' dir='ltr'><strong>I</strong></span> <span class='ocrx_word' id='word_1_399' title='bbox 926 2532 947 2573; x_wconf 94' lang='grc' dir='ltr'>Ι</span> <span class='ocrx_word' id='word_1_400' title='bbox 959 2532 993 2573; x_wconf 91' lang='grc' dir='ltr'>Ι.</span> <span class='ocrx_word' id='word_1_401' title='bbox 1029 2530 1134 2572; x_wconf 83' lang='lat' dir='ltr'>Haec</span> <span class='ocrx_word' id='word_1_402' title='bbox 1159 2522 1274 2570; x_wconf 82' lang='lat' dir='ltr'>stadii</span> <span class='ocrx_word' id='word_1_403' title='bbox 1296 2523 1361 2568; x_wconf 91' lang='lat' dir='ltr'>vel</span> <span class='ocrx_word' id='word_1_404' title='bbox 1386 2522 1462 2566; x_wconf 84' lang='lat' dir='ltr'>viae</span> <span class='ocrx_word' id='word_1_405' title='bbox 1474 2517 1707 2579; x_wconf 84' lang='lat' dir='ltr'>Theologia</span> <span class='ocrx_word' id='word_1_406' title='bbox 1718 2529 1807 2559; x_wconf 92' lang='lat' dir='ltr'>non</span> <span class='ocrx_word' id='word_1_407' title='bbox 1822 2512 1958 2557; x_wconf 90' lang='lat' dir='ltr'>solum</span> <span class='ocrx_word' id='word_1_408' title='bbox 1969 2509 2027 2556; x_wconf 90' lang='lat' dir='ltr'>est</span> <span class='ocrx_word' id='word_1_409' title='bbox 2038 2507 2228 2572; x_wconf 83' lang='lat' dir='ltr'>imperfe-</span> <span class='ocrx_word' id='word_1_410' title='bbox 2253 2525 2262 2530; x_wconf 87' lang='lat'><strong>·</strong></span> 
     </span>
     <span class='ocr_line' id='line_1_37' title="bbox 618 2572 2230 2653; baseline -0.016 -10"><span class='ocrx_word' id='word_1_411' title='bbox 618 2597 707 2649; x_wconf 60' lang='lat' dir='ltr'>fta,</span> <span class='ocrx_word' id='word_1_412' title='bbox 731 2596 874 2640; x_wconf 75' lang='lat' dir='ltr'>collata</span> <span class='ocrx_word' id='word_1_413' title='bbox 897 2610 994 2639; x_wconf 90' lang='lat' dir='ltr'>cum</span> <span class='ocrx_word' id='word_1_414' title='bbox 1017 2590 1254 2653; x_wconf 62' lang='lat' dir='ltr'>Theologiss</span> <span class='ocrx_word' id='word_1_415' title='bbox 1274 2586 1438 2650; x_wconf 68' lang='lat' dir='ltr'>patriae,</span> <span class='ocrx_word' id='word_1_416' title='bbox 1462 2598 1608 2630; x_wconf 90' lang='lat' dir='ltr'>verum</span> <span class='ocrx_word' id='word_1_417' title='bbox 1631 2581 1753 2627; x_wconf 80' lang='lat' dir='ltr'>etiam</span> <span class='ocrx_word' id='word_1_418' title='bbox 1776 2591 1976 2640; x_wconf 84' lang='lat' dir='ltr'>quatenus</span> <span class='ocrx_word' id='word_1_419' title='bbox 1995 2573 2166 2622; x_wconf 87' lang='lat' dir='ltr'>refertur</span> <span class='ocrx_word' id='word_1_420' title='bbox 2177 2572 2230 2620; x_wconf 86' lang='lat' dir='ltr'>ad</span> 
     </span>
    </p>
   </div>
   <div class='ocr_carea' id='block_1_5' title="bbox 618 2638 2238 2770">
    <p class='ocr_par' dir='ltr' id='par_1_11' title="bbox 618 2638 2238 2770">
     <span class='ocr_line' id='line_1_38' title="bbox 618 2638 2232 2726; baseline -0.012 -20"><span class='ocrx_word' id='word_1_421' title='bbox 618 2662 743 2726; x_wconf 73' lang='lat' dir='ltr'>ipsam</span> <span class='ocrx_word' id='word_1_422' title='bbox 766 2658 889 2719; x_wconf 87' lang='lat' dir='ltr'>hujus</span> <span class='ocrx_word' id='word_1_423' title='bbox 913 2661 1004 2706; x_wconf 83' lang='lat' dir='ltr'>vitae</span> <span class='ocrx_word' id='word_1_424' title='bbox 1029 2658 1332 2706; x_wconf 81' lang='lat' dir='ltr'>revelationem.</span> <span class='ocrx_word' id='word_1_425' title='bbox 1365 2648 1498 2699; x_wconf 90' lang='lat' dir='ltr'>Unde</span> <span class='ocrx_word' id='word_1_426' title='bbox 1521 2645 1788 2712; x_wconf 73' lang='lat' dir='ltr'>quotidianus</span> <span class='ocrx_word' id='word_1_427' title='bbox 1810 2659 1854 2690; x_wconf 82' lang='lat' dir='ltr'>ac</span> <span class='ocrx_word' id='word_1_428' title='bbox 1876 2655 2090 2707; x_wconf 87' lang='lat' dir='ltr'>perpetuus</span> <span class='ocrx_word' id='word_1_429' title='bbox 2110 2638 2232 2686; x_wconf 86' lang='lat' dir='ltr'>datur</span> 
     </span>
     <span class='ocr_line' id='line_1_39' title="bbox 2133 2720 2238 2770; baseline -0.029 -17"><span class='ocrx_word' id='word_1_430' title='bbox 2133 2720 2238 2770; x_wconf 82' lang='lat' dir='ltr'>pro-</span> 
     </span>
    </p>
   </div>
   <div class='ocr_carea' id='block_1_6' title="bbox 2361 577 2371 1514">
    <p class='ocr_par' dir='ltr' id='par_1_12' title="bbox 2361 577 2371 1514">
     <span class='ocr_line' id='line_1_40' title="bbox 2361 577 2371 1514; baseline 0 0"><span class='ocrx_word' id='word_1_431' title='bbox 2361 577 2371 1514; x_wconf 95' lang='lat' dir='ltr'> </span> 
     </span>
    </p>
   </div>
   <div class='ocr_carea' id='block_1_7' title="bbox 2324 1862 2371 3140">
    <p class='ocr_par' dir='ltr' id='par_1_13' title="bbox 2324 1862 2371 3140">
     <span class='ocr_line' id='line_1_41' title="bbox 2324 1862 2371 3140; baseline 0 0"><span class='ocrx_word' id='word_1_432' title='bbox 2324 1862 2371 3140; x_wconf 95' lang='lat' dir='ltr'> </span> 
     </span>
    </p>
   </div>
  </div>
 </body>
</html>
