2417 3140
410 460 490 507 Qae
511 457 573 494 de·

388 512 559 560 {scribitur

394 564 582 611 ficundum

405 619 484 666 suas
493 628 574 669 par-

405 682 468 719 tes,

453 938 558 983 alius,

393 1414 441 1461 ὁ·
465 1417 560 1467 origi-

392 1483 481 1509 ”emt

626 229 657 279 '4
1075 213 1718 262 L1B.I.CAPUTII.

627 302 788 354 θρησκεία
815 325 827 346 ,
855 301 1009 348 εὐνὲβι-υι
1034 330 1044 347 ,
1081 307 1159 347 ὃζς,
1187 302 1275 364 Jac.
1296 317 1333 345 1:
1361 308 1428 351 26,
1449 316 1516 361 27,
1563 298 1663 343 A&
1691 300 1759 342 26:
1776 280 1842 353 ἰῇ.
1877 292 2063 339 Hebraeis
2085 291 2238 345 dlcltul'

627 378 793 426 Πηῃγ
816 367 958 420 cultus,
971 379 1017 410 ut
1029 371 1070 411 &
1083 373 1242 428 cognitio
1258 371 1348 415 Dei,
1363 382 1475 409 amor
1485 369 1579 414 Dei,
1597 370 1715 406 timor
1725 366 1806 406 Dei
1819 364 1896 404 &c.
2060 424 2067 432 .

690 434 712 474 I
726 434 780 475 V.
816 428 890 474 Est
913 444 1047 475 autem
1069 432 1209 492 religio
1222 463 1235 482 ‚
1258 430 1365 473 reeca
1387 433 1529 474 Deum
1553 421 1821 488 cognoscendi
1843 429 1886 469 δε
1910 421 2069 468 colendi
2093 426 2196 469 ratio
2206 428 2225 479 ,'

626 494 708 554 quzi
731 507 905 539 creatura
928 496 1131 540 rationalis
1150 493 1336 538 debitum
1358 497 1480 546 Deo,
1505 506 1702 551 tanquam
1726 491 1862 551 primo
1888 488 2047 533 auetori
2074 505 2117 533 ac
2151 487 2231 534 do..

625 560 741 603 mino
754 558 826 602 suo
838 594 851 614 ‚
875 557 1078 603 honorem
1091 563 1134 603 &
1144 559 1303 603 cultum
1316 556 1491 611 exhibet,
1499 557 1571 601 sub
1583 556 1646 618 spe
1657 555 1761 599 certa}
1774 552 1921 598 divinae
1934 554 2229 599 remuneratio-

622 624 695 669 nis.
708 628 768 668 Ita
780 640 867 668 eam
880 622 1023 668 definit
1035 622 1276 685 Apostolus,
1290 620 1407 681 quod
1420 620 1469 666 fit
1479 628 1623 684 agnitio
1638 621 1823 664 veritatis
1836 620 1922 678 ejus
1934 635 2017 679 quae
2029 617 2228 676 estst’cun..

618 687 717 732 dum
722 695 935 750 pietatem,
962 688 1140 750 adspem
1153 695 1239 731 vitae
1253 703 1391 730 aeternae
1406 721 1418 736 ,
1445 688 1536 731 Tit.
1555 704 1591 730 1:
1611 699 1648 738 Ι,
1664 701 1701 728 z.
1736 682 1811 728 Est
1832 684 1942 727 enim
1966 680 2068 726 nihil
2091 682 2228 737 aliud,

616 767 742 810 quam
755 754 886 797 retius
897 751 946 797 de
957 757 1053 798 Deo
1066 753 1206 803 sensus,
1221 757 1262 796 &
1275 753 1405 796 reeens
1417 752 1459 795 in
1471 754 1615 796 Deum
1627 746 1808 800 affeetus,
1828 752 1872 792 &
1883 745 2067 792 studium
2081 746 2226 793 facien.

613 814 655 860 di
668 815 786 876 quod
798 819 831 861 ei
843 832 1004 879 gratum
1017 816 1086 862 est.
1124 816 1231 880 Q&
1244 818 1415 879 pertinet
1435 816 1472 852 τὸ
1498 815 1662 866 ἔναξεςῶ
1685 815 1732 861 ⁷43
1758 814 1829 860 ⁶24³.
1865 813 1996 857 Hebr.
2017 829 2032 857 1
2046 829 2082 856 1:
2098 822 2137 858 6.
2151 815 2227 875 qui

612 879 670 924 est
681 882 811 926 cultus
823 884 919 927 Dei.

678 950 733 992 V.
768 949 903 991 Affus
915 960 1048 992 autem
1061 948 1264 1009 religionis
1274 946 1422 1007 quibus
1434 948 1576 990 Deum
1590 977 1601 994 ‚
1628 958 1825 1004 tanquam
1838 942 2072 1004 supremum
2084 940 2224 989 dorni.

612 1025 715 1054 num
730 1010 1326 1073 nostrum‚prosequimur,fi1nt
1339 1012 1400 1055 vel
1413 1011 1545 1054 solum
1559 1016 1703 1054 interni
1722 1025 1733 1059 3
1749 1022 1795 1053 ut
1808 1024 1939 1061 amor,
1952 1009 2093 1059 timor,
2112 1007 2223 1054 fidu-

611 1076 684 1127 cia,
699 1078 741 1119 &
756 1073 898 1120 fimiles
914 1095 923 1119 :
941 1078 1003 1121 vel
1017 1094 1065 1121 ex
1077 1079 1237 1121 interno
1251 1081 1292 1120 δε
1313 1089 1480 1120 externo
1494 1077 1704 1136 compofiti;
1721 1087 1766 1119 ut
1778 1074 2099 1133 invocatio‚quae
2113 1075 2223 1119 mix-

615 1139 885 1200 ti'generis,est
897 1158 991 1185 cum
1005 1143 1146 1186 animo
1160 1146 1201 1186 &
1215 1157 1285 1185 ore
1298 1139 1369 1185 fiat
1384 1159 1393 1184 :
1419 1140 1481 1184 vel
1493 1147 1647 1184 externi
1659 1140 1791 1183 solum
1803 1154 1815 1188 3
1842 1151 1892 1182 ut
1905 1136 2088 1183 adoratio
2101 1155 2112 1189 3
2128 1152 2222 1186 tum

615 1202 749 1261 major
759 1205 838 1258 illa,
855 1222 937 1265 qua
950 1205 1044 1251 festa
1055 1205 1322 1250 instituuntur
1334 1239 1346 1259 ‚
1363 1206 1511 1265 templa
1524 1206 1749 1265 eriguntur,
1763 1201 1947 1248 sticrificia
1960 1200 2216 1256 offeruntur-3

613 1279 704 1312 tum
719 1270 857 1313 minor
867 1271 945 1323 illa,
960 1287 1042 1329 qua
1054 1270 1185 1315 solum
1199 1286 1343 1332 corpus
1355 1268 1646 1332 prosternimus
1660 1285 1672 1320 3
1688 1270 1751 1314 vel
1764 1281 1918 1331 partem
1932 1266 2030 1326 ejus,
2042 1283 2142 1330 puta
2154 1286 2219 1315 ca-

612 1346 687 1394 put
699 1335 761 1377 vel
772 1350 901 1394 genua
912 1336 1150 1381 inclinamus
1163 1370 1175 1389 ‚
1192 1337 1252 1380 vel
1265 1351 1407 1379 manus
1418 1335 1481 1379 ori
1493 1332 1773 1380 admovemus.

677 1402 720 1444 V
733 1402 767 1443 Ι.
805 1400 911 1444 Fluit
933 1400 1074 1462 religio
1098 1417 1148 1445 ex
1170 1399 1249 1462 ipsa
1260 1402 1343 1446 Dei
1355 1397 1615 1458 hominisque
1628 1413 1769 1444 natura
1784 1417 1793 1442 :
1808 1415 1904 1443 cum
1920 1411 2140 1445 creaturam
2152 1417 2216 1446 ra..

611 1462 804 1508 tionalem
817 1461 917 1508 nihil
939 1464 1057 1525 aeque
1072 1463 1205 1511 deceat
1217 1497 1229 1518 ‚
1255 1481 1382 1525 quam
1405 1465 1487 1510 Dei
1500 1497 1512 1517 ‚
1537 1465 1560 1508 5
1572 1481 1660 1524 quo
1672 1462 1836 1509 condita
1849 1463 1919 1517 est,
1933 1477 2055 1523 atque
2066 1466 2087 1510 5
2099 1464 2215 1526 cujus

545 1523 548 1525 ³
562 1525 573 1528 ⁴
608 1540 712 1572 nutu
725 1525 935 1590 dependet,
946 1531 1219 1575 excellentiam
1232 1530 1486 1590 summasque
1497 1530 1662 1574 virtutes
1674 1530 1849 1574 venerari
1861 1546 1904 1574 ac
1917 1530 2056 1575 colere.

417 1607 482 1649 Ut
503 1613 565 1650 de-

389 1674 446 1702 tur
470 1679 574 1704 natu-

387 1719 466 1756 ralis
476 1720 557 1759 reli-

385 1773 446 1820 gio.

674 1597 748 1639 VI
760 1597 793 1637 Ι.
827 1590 928 1638 Inde
950 1595 1091 1656 religio
1114 1591 1318 1639 necessaria
1341 1599 1384 1639 &
1405 1595 1592 1640 naturalis
1612 1595 1777 1639 rationis
1799 1594 1953 1655 sequela
1979 1592 2061 1639 est:
2086 1608 2209 1657 atque

607 1654 707 1701 adeo
720 1655 840 1703 datur
849 1659 989 1721 religio
1001 1660 1201 1707 naturalis.

672 1725 746 1768 VI
759 1726 826 1767 ΙΙ.
863 1728 1005 1786 Qam
1028 1722 1246 1769 confirmat
1269 1725 1455 1769 naturalis
1477 1726 1669 1769 omnium
1692 1725 1944 1786 populorum
1970 1723 2205 1771 consensus:

604 1802 736 1846 neque
748 1786 830 1832 line
841 1804 890 1832 eo
914 1789 1113 1850 religionis
1124 1790 1166 1832 in
1190 1792 1382 1834 omnium
1395 1786 1616 1834 hominum
1640 1790 1781 1834 animis
1793 1790 1916 1835 veluti
1929 1789 2075 1834 semine
2088 1825 2100 1844 ‚
2124 1807 2203 1853 po-

603 1852 812 1898 liticorum
836 1851 940 1899 astus
961 1855 1003 1898 in
1025 1853 1512 1901 introducendodeorum
1535 1869 1651 1900 metu
1672 1870 1716 1899 ac
1739 1855 1851 1900 cultu
1875 1852 2108 1916 quidquam
2132 1873 2204 1902 va-

601 1913 743 1962 luisset.

663 1984 748 2027 IX.
782 1983 1035 2044 Deprimunt
1056 2000 1099 2029 ac
1121 1985 1273 2031 tollunt
1296 1987 1518 2031 naturalem
1531 1984 1634 2031 hanc
1655 1986 1890 2047 religionem
1904 1983 2090 2030 Athez'ac
2100 2000 2200 2048 pro..

593 2044 698 2098 fani5
726 2048 748 2091 5
769 2049 917 2107 quibus
939 2046 1013 2093 hac
1037 2051 1079 2094 in
1102 2066 1145 2094 re
1170 2066 1257 2094 non
1283 2052 1465 2095 multum
1490 2051 1637 2095 abeunt
1648 2054 1856 2103 Samiam,
1880 2051 2100 2111 ingenitam
2113 2052 2201 2097 Dei

590 2112 779 2156 notitiam
793 2126 977 2175 negantes
991 2132 1000 2157 :
1027 2116 1205 2159 nimium
1218 2129 1353 2161 autem
1368 2132 1456 2160 earn
1469 2116 1673 2161 extollunt
1683 2117 1890 2178 Pelagiani
1902 2127 2048 2160 veteres
2061 2132 2103 2160 ac
2114 2131 2194 2159 no-

590 2176 653 2228 νίς
669 2174 876 2237 iidemque
887 2178 1019 2223 rursus
1030 2184 1226 2224 Socz‘nz‘am·
1239 2214 1251 2234 ‚
1276 2196 1543 2225 commtmem
1568 2181 1745 2240 aliquam
1767 2180 2004 2240 religionem
2017 2177 2103 2225 dari
2115 2179 2195 2225 sta-

587 2252 764 2295 tuentes,
787 2257 857 2303 per
878 2258 1005 2302 quam
1029 2244 1330 2305 unusquisque,
1354 2259 1505 2291 naturae
1519 2262 1562 2290 ac
1573 2246 1736 2291 rationis
1747 2243 1922 2290 dustum
1935 2243 2123 2305 sequens,
2147 2247 2194 2290 in

590 2321 836 2366 quacunque
848 2306 948 2351 {etsta
960 2308 1125 2353 salutem
1136 2311 1314 2354 invenire
1325 2308 1462 2371 poffit.

651 2373 702 2414 X.
738 2372 872 2416 Aliter
883 2385 1017 2417 autem
1029 2371 1147 2419 docet
1160 2376 1360 2436 Scriptura
1375 2408 1386 2428 ,
1400 2373 1617 2437 praedicans
1632 2409 1644 2429 ‚
1669 2393 1745 2420 non
1758 2375 1876 2420 aliud
1883 2391 2024 2419 nomen
2043 2381 2190 2438 (quam

586 2451 724 2478 nomen
737 2435 843 2496 Jesn
860 2436 1022 2495 Christi)
1050 2438 1198 2498 effifitb
1209 2442 1316 2490 coelo,
1332 2441 1440 2501 qnod
1448 2442 1593 2487 datum
1590 2443 1649 2500 sit
1660 2447 1762 2485 inter
1776 2439 1948 2484 homines
1959 2474 1972 2490 ,
1994 2455 2066 2501 per
2077 2441 2188 2502 quod

585 2513 757 2560 oporteat
779 2519 847 2544 nos
862 2500 1031 2556 ftrvart'.
1056 2506 1154 2548 Aet.
1182 2520 1228 2564 4.-
1257 2521 1319 2549 12.
1346 2521 1389 2548 ac
1399 2502 1615 2550 hominem
1643 2538 1655 2558 ,
1675 2502 1778 2550 dum
1789 2505 1999 2566 religiones
2024 2502 2098 2548 fibi
2122 2506 2188 2549 in-

516 2568 517 2571 ’
582 2565 719 2608 venire
742 2581 785 2609 ac
806 2563 993 2628 effingere
1016 2566 1149 2614 studet
1162 2602 1174 2622 ‚
1210 2566 1449 2616 &maome-pc&
1472 2586 1515 2615 ac
1527 2572 1824 2633 cogitationum
1835 2569 1999 2615 suarum
2011 2570 2187 2614 vanitate

579 2626 822 2678 infatuatum
833 2633 1118 2701 Ρτᾳυᾳηςρᾳηεῖ
1142 2633 1295 2695 Cumsi’
1302 2635 1806 2701 prqfiterenturfhpientes,
1814 2634 1938 2696 stulti
1953 2632 2186 2743 fabgfimtd

2013 2714 2187 2763 ›Nl-{am-
