2116 2901
463 138 550 182 DE
583 137 1470 184 REL1G10NE&TnEot001A.
1730 158 1748 201 3

144 243 146 245 ’
198 230 271 274 ΧΙ
285 229 349 274 ΙΙ.
384 229 557 273 Initium
580 227 706 288 igitur
726 223 792 270 hic
814 225 1018 271 sumemus
1040 227 1062 270 ὲ
1084 229 1181 272 Deo
1194 229 1248 279 ’,δε
1271 226 1354 284 ejus
1376 232 1620 285 aeternitate,
1641 245 1753 278 tran-

131 293 250 341 fituri
271 311 340 357 per
363 294 504 338 omnia
517 292 678 346 saecula,
700 289 831 337 donec
841 292 991 336 iterum
1004 289 1231 338 defimamus
1254 294 1296 337 in
1321 297 1599 342 aeternitatem.
1637 301 1753 363 Qz‘a

131 379 230 423 quos
236 366 439 423 praenovit‚
450 366 574 403 etiam
580 358 838 420 praedefinivit
849 358 1064 416 conformes
1075 365 1238 420 imagini
1246 359 1398 418 filiifiti
1409 377 1421 411 3
1448 379 1545 422 quos
1557 380 1649 407 vero
1655 379 1753 426 prae-

134 427 332 487 dfim'vit,
360 424 426 468 hos
450 430 498 476 &
523 430 709 473 vocavit3
737 428 785 474 ὠ)
808 440 904 484 quos
916 430 1102 474 vocavit,
1130 422 1196 468 hos
1222 430 1269 475 &⁹
1286 425 1547 486 justificavit3
1565 446 1662 489 qnos
1673 447 1750 475 au-

133 506 216 536 tem
219 490 472 552 justificavit,
488 489 554 533 hos
567 495 616 541 &⁸
624 489 881 551 glorificavit.
904 491 1041 534 Rom.
1056 488 1098 534 8.-
1116 505 1185 546 29,
1202 504 1267 548 30.
1290 491 1398 536 Sicut
1410 496 1452 536 &
1476 493 1519 536 in
1544 493 1750 555 Symbolo

135 554 382 619 Apostolico
406 552 504 599 fides
526 552 748 599 exordium
769 552 862 599 facit
885 554 907 597 ὲ
930 556 1028 599 Deo
1051 555 1349 615 omnipotente,
1369 555 1559 602 tranfiens
1568 574 1639 621 per
1649 574 1749 621 ope-

132 638 175 667 ra
188 622 398 666 creationis
408 625 451 665 δε
462 617 752 682 redemptionis
764 653 776 672 ‚
790 623 833 664 &
845 616 1025 664 definens
1035 620 1078 662 in
1090 620 1218 664 vitam
1231 633 1437 668 aeternam.

198 689 238 731 X
251 691 271 731 I
284 691 340 734 V.
375 690 425 730 In
439 683 540 730 hisce
563 701 661 747 ergo
675 685 906 729 continetur
929 683 1110 729 universa
1130 684 1340 749 Theologia
1354 691 1396 732 &
1409 685 1508 733 fides
1519 722 1531 742 ‚
1542 702 1627 735 tam
1641 705 1750 749 quo·
1773 695 1811 730 in
1823 706 1893 743 qua

133 750 184 797 ad
196 752 397 811 historiam
409 785 422 806 ‚
448 766 576 812 quam
590 747 731 810 quoad
741 751 929 813 dogmata
941 784 954 804 ,
979 765 1075 795 cum
1089 750 1275 794 universo
1299 750 1382 810 ejus
1394 750 1620 799 discrimine
1632 759 1674 800 &
1685 753 1749 800 di-
1762 746 1899 809 sgnopas
1913 760 1966 788 ἰθ-

133 816 318 863 versitate
328 819 370 861 in
382 818 502 861 omni
513 815 698 861 Ecclesiae
721 814 827 860 statu
851 814 924 860 sub
945 816 1084 861 Veteri
1108 820 1150 860 &
1171 819 1305 861 Novo
1330 816 1614 865 Testamentis.
1766 814 1832 893 {mf
1857 803 1964 842 ΠΜ·

198 885 304 929 XV.
341 882 508 944 Qibus
519 882 693 927 breviter
715 883 1021 943 interponemus
1041 880 1250 934 suislocis‚
1279 896 1484 942 quantum
1507 886 1748 946 poterimus,
1779 870 1861 908 ’,μ’

132 946 357 994 hominum
369 964 521 992 errores
533 981 545 1001 ‚
570 951 612 991 δε
625 946 719 993 inde
731 960 839 992 natas
851 948 1129 1004 controverstaes
1143 980 1156 1000 ‚
1182 961 1306 1008 prout
1320 946 1490 1012 fingulas
1502 948 1745 1014 Theologiae

132 1018 175 1059 &
189 1015 434 1059 oeconomiae
448 1011 568 1071 hujus
579 1027 705 1075 partes
717 1014 934 1075 impetunt.

202 1082 241 1124 X
254 1084 296 1126 V
309 1083 343 1124 I.
392 1081 461 1125 Ut
496 1080 550 1123 ita
589 1077 806 1124 habeamus
842 1076 1036 1140 synopsin
1071 1075 1317 1140 Theologiae
1352 1081 1479 1124 totius
1506 1100 1516 1125 :
1553 1079 1680 1141 idque
1701 1097 1746 1126 ea

134 1143 351 1198 methodo,
366 1160 494 1205 quam
506 1146 621 1189 Deus
633 1143 711 1205 ipse
723 1143 948 1189 observavit
961 1143 1004 1186 in
1017 1141 1364 1189 administratione
1375 1144 1458 1201 ejus
1469 1161 1481 1196 3
1499 1163 1593 1206 quae
1605 1149 1745 1191 omni-

134 1226 209 1254 um
234 1211 414 1255 maxime
440 1210 627 1254 naturalis
649 1214 692 1254 &
715 1209 918 1272 perspicua
929 1206 987 1253 est
1002 1227 1011 1252 ε
1037 1224 1096 1253 res
1107 1209 1218 1254 enim
1230 1207 1345 1256 factae
1358 1214 1401 1255 δε
1413 1224 1515 1257 natae
1527 1214 1684 1275 optime
1697 1226 1745 1259 ut

137 1277 308 1321 orientes
321 1275 560 1337 spectantur.

198 1344 238 1386 X
251 1346 293 1389 V
305 1346 325 1387 I
340 1345 373 1386 Ι,
408 1340 530 1386 Hisce
552 1354 688 1386 autem
711 1340 1005 1403 praemittemus
1027 1341 1249 1401 generalem
1261 1339 1626 1387 considerationem
1637 1345 1748 1389 Reli-

128 1410 309 1469 giomsss&
333 1406 565 1469 Theologiae.,
589 1423 682 1467 quae
696 1408 737 1451 in
750 1403 852 1451 hisce
873 1405 1068 1450 omnibus
1079 1402 1276 1456 traditur3
1301 1420 1347 1451 ut
1371 1411 1412 1452 &
1438 1407 1553 1452 Verbi
1576 1424 1619 1453 ac
1640 1413 1747 1454 Scri-

133 1487 257 1534 pturae
277 1470 422 1518 divinae
437 1506 449 1526 ‚
472 1486 670 1532 tanquam
682 1472 892 1535 principii,
905 1487 954 1517 ex
967 1486 1055 1531 quo
1069 1472 1204 1516 omnis
1215 1469 1458 1534 Theologiae
1472 1477 1514 1519 &
1526 1473 1656 1519 salutis
1667 1489 1745 1518 no-

138 1535 225 1583 strae
240 1539 384 1583 notitia
401 1535 620 1584 haurienda
631 1536 701 1584 est.

553 1681 1326 1734 CAPUTII.

379 1833 488 1900 De
557 1828 876 1931 Religione
944 1825 1031 1903 Εἴ
1100 1827 1451 1933 Ἷῆερίοὲίᾶ.

396 1999 461 2032 3
478 2000 660 2045 Reatura
681 1998 908 2051 rationalis,
941 2013 1036 2043 cum
1060 2000 1081 2043 ὲ
1104 2000 1201 2044 Deo
1214 1997 1379 2044 condita
1391 1997 1440 2044 fit
1463 1994 1513 2044 ad
1524 1995 1644 2060 ipsius
1653 1996 1745 2059 glo·
1765 2011 1934 2048 creatura

380 2059 390 2129 ἱ
425 2040 466 2215 ἐξ
479 2065 582 2108 riam
595 2080 606 2116 3
625 2061 676 2108 ad
686 2078 781 2109 eum
795 2098 807 2118 ,
822 2077 1021 2123 tanquam
1032 2062 1083 2110 ad
1096 2065 1342 2126 principium
1354 2064 1474 2109 suum
1486 2077 1608 2124 atque
1621 2063 1747 2124 origi·
1766 2064 1939 2102 rationalis

479 2146 574 2176 nem
586 2163 600 2185 ‚
623 2144 817 2194 perpetuo
831 2127 1041 2175 contendit
1055 2148 1064 2174 ε
1090 2146 1162 2174 nec
1174 2129 1284 2174 aliter
1294 2130 1525 2175 immortale
1537 2126 1646 2175 istud
1656 2129 1749 2174 bea·
1768 2118 1937 2212 ZZZ?

1736 2227 1750 2249 2

334 2205 347 2218 '
370 2190 377 2205 ”
391 2180 465 2255 [ἔξω
475 2192 661 2242 titudinis
671 2193 929 2249 desiderium,
942 2211 1031 2255 quo
1044 2196 1176 2257 agitur
1185 2228 1198 2249 ,
1226 2196 1394 2258 implere
1405 2212 1448 2240 ac
1459 2195 1592 2241 fixtiare
1603 2193 1735 2258 potest

475 2277 603 2322 quam
616 2260 702 2306 solo
716 2263 828 2307 Deo.

207 2328 229 2369 I
242 2326 275 2369 Ι.
309 2325 422 2368 Hinc
444 2327 510 2372 illa
532 2342 704 2388 quoque
726 2327 772 2371 iis
795 2327 815 2370 ὲ
839 2323 1052 2370 conditore
1074 2325 1146 2370 suo
1159 2324 1354 2371 instructa
1367 2324 1423 2371 est
1447 2324 1698 2372 facultatibus
1711 2340 1755 2370 ac

141 2387 498 2497 su'bfidjisisqmbus
511 2391 561 2437 ad
573 2395 717 2437 Deum
729 2391 847 2437 suum
859 2391 932 2437 sese
944 2405 1176 2437 convertere
1187 2425 1200 2445 ‚
1228 2391 1442 2453 ipsumque
1455 2393 1647 2452 attingere
1657 2406 1756 2453 pro-

145 2469 321 2567 Xffillelz)
345 2469 490 2584 {tique
501 2519 587 2569 haec
597 2525 806 2586 Religion&
818 2521 875 2568 est
888 2524 1007 2585 origo
1022 2538 1034 2574 3
1050 2538 1143 2582 quae
1157 2520 1319 2568 homini
1331 2523 1440 2568 viam
1455 2519 1753 2568 commonstrat
1773 2530 1848 2582 Qb
1857 2543 1934 2570 eam

144 2602 214 2651 per
225 2600 352 2651 quam
373 2586 424 2636 ad
435 2591 580 2639 Deum
599 2588 764 2655 ejusque
785 2591 985 2657 unionem
1007 2589 1224 2697 Ρεῑνεῐζίαὲ.
1258 2589 1500 2654 Appellatur
1522 2603 1567 2638 ea
1586 2586 1753 2695 iniistis
1771 2587 1867 2681 ἕῖἕξ
1872 2597 1965 2680 3³1³-

1129 2677 1141 2692 Δ
1691 2671 1748 2709 g),-
1908 2668 1918 2678 “
