2116 2901
226 672 287 711 {An
302 674 341 711 de
357 680 425 713 Deo

227 727 386 768 dubitare

224 782 340 821 licent?

451 145 511 200 96
873 137 1495 183 L1n.I.CA1=u-r
1559 136 1681 186 XV.

447 228 522 289 gio
545 237 734 288 corrupta
757 223 1104 287 superstitionibus
1126 229 1168 270 δε
1191 220 1420 269 idololatria
1436 258 1448 278 ‚
1462 239 1638 285 quaeque
1650 236 1739 269 tota
1750 223 1792 269 in
1804 223 1977 270 externiss‘
1982 223 2052 282 essg

447 289 663 335 divifiones
685 291 786 334 circa
807 306 896 335 eam
911 324 923 343 ,
947 287 1126 335 scandala
1150 286 1429 339 sacerdotum3
1455 290 1551 334 levis·
1576 305 1702 351 porro
1713 290 1865 352 ingenii
1875 291 2052 336 cultus&

447 352 716 417 philosophiae
740 353 855 415 quasi
879 352 1129 416 degustati03
1157 367 1279 414 atque
1301 353 1426 398 secula
1436 352 1657 399 eruditiora
1669 370 1765 399 cum
1779 370 1872 417 pace
1883 353 2056 414 conjun,

447 420 535 471 ‹Pta3
561 435 684 482 prava
705 418 881 480 denique
904 417 1120 466 atheorum
1143 420 1343 464 consortia
1365 420 1556 482 contagio
1568 420 1767 466 nocentia.
1794 424 1938 465 Beatus
1949 417 2054 482 enim

447 491 529 538 vir,
551 492 623 547 qui
647 503 725 529 non
749 485 939 530 ambulat
961 492 1002 529 in
1025 483 1098 529 vid
1115 499 1380 547 peccatorum.
1395 488 1474 531 &c.
1511 484 1607 529 Psal.
1630 501 1667 530 1:
1687 502 1722 529 1.
1757 489 1833 530 An
1846 484 2056 542 so'ciabitur

444 548 516 593 tibi
551 550 718 597 thronus
749 557 924 612 nequitiae
946 566 959 602 ;
997 557 1069 613 qui
1087 551 1213 613 fingit
1245 566 1464 596 aerumnam
1493 565 1632 612 praeter
1655 549 1863 610 statutum
1887 551 1903 595 ξ
1949 549 2052 598 Ibid.

445 627 533 673 94:
563 631 629 659 20.
907 621 910 622 ⁷
2029 656 2032 662 ,

512 682 551 724 Χ
564 683 602 724 Χ
615 684 657 727 V
672 683 694 726 I
705 684 738 726 Ι.
776 684 920 741 Atque
956 697 1006 726 ex
1018 679 1120 726 hisce
1130 679 1213 738 jam
1226 681 1354 740 liquet
1367 715 1378 734 ‚
1393 681 1549 725 re&ene
1561 678 1611 725 de
1622 682 1720 726 Deo
1733 678 1909 727 dubitari
1921 678 2052 743 poffit,

447 759 497 789 an
511 742 559 789 fit
573 752 592 791 ?
617 749 659 791 &
683 763 874 806 quaenam
898 745 1100 792 dubitatio
1113 744 1179 791 hic
1190 743 1239 791 sit
1251 747 1368 791 licita.
1405 749 1639 805 Nunquam
1652 748 1762 790 enim
1776 744 1937 791 homini
1953 777 1966 800 ,-
1986 750 2057 808 qui

447 810 634 873 intelligit
660 812 696 856 se
719 809 793 856 effe
816 826 1037 857 creaturam
1049 812 1146 861 Dei,
1162 815 1206 857 &
1217 806 1388 872 propter
1401 809 1659 856 conditorem
1672 811 1791 856 suurn
1805 807 1879 855 effe
1889 811 2057 868 factum,

443 874 646 936 ambigere
666 877 756 921 licet
779 893 827 921 an
851 878 915 921 ille
940 876 1013 931 fit,
1037 882 1080 922 &
1102 877 1145 921 in
1158 892 1199 920 re
1210 874 1282 921 ista
1294 873 1533 921 sanctissima
1557 892 1601 921 ac
1611 873 1840 937 gravissima
1852 875 2052 933 fluctuari,

444 951 568 999 atque
590 939 685 986 hinc
707 940 801 987 inde
812 944 999 987 animum
1011 943 1188 994 volvere,
1201 958 1298 986 cum
1309 942 1402 986 tales
1416 943 1681 1003 cogitationes
1696 957 1782 986 non
1794 939 1869 986 nisi
1880 940 2054 988 stultiffi-

444 1018 524 1049 mae
546 1001 622 1050 effe
645 1004 808 1068 possint.
845 1008 918 1052 Ille
927 1022 1065 1052 tamen
1077 1007 1150 1067 qui
1162 1005 1275 1051 audit
1286 1005 1337 1051 de
1348 1010 1445 1052 Deo
1460 1040 1472 1060 ,
1497 1022 1582 1050 non
1606 1007 1815 1052 oscitanter
1832 1004 1876 1052 id
1889 1009 2056 1070 accipere

447 1081 570 1128 atque
593 1072 731 1116 animo
745 1069 954 1118 admittere
965 1071 1108 1126 debet,
1131 1088 1173 1116 re
1196 1071 1275 1133 ipsa
1288 1088 1373 1116 non
1388 1073 1473 1116 satis
1493 1069 1756 1126 considerata,
1770 1086 1892 1133 atque
1903 1073 2051 1119 intelle-

445 1133 616 1187 &Qimo
627 1134 732 1182 forte
744 1153 793 1181 ne
805 1137 979 1199 inspeeta
993 1136 1179 1198 quidem,
1193 1135 1292 1182 ficut
1304 1138 1345 1181 in
1360 1139 1441 1182 aliis
1452 1137 1568 1181 rebus
1581 1137 1752 1199 persaepe
1765 1136 1851 1182 fieri
1863 1138 1959 1185 solet
1969 1137 2051 1185 :sed

445 1213 533 1243 rem
545 1198 648 1245 hanc
660 1203 782 1264 longe
793 1202 1033 1248 sanctiorem
1046 1201 1190 1248 habere
1200 1237 1212 1253 ,
1249 1206 1290 1248 &
1304 1218 1400 1247 cum
1413 1205 1550 1264 magni
1563 1201 1663 1247 adeo
1677 1204 1878 1248 momenti
1890 1202 1952 1257 fit,
1966 1219 2052 1250 non

445 1261 521 1308 nisi
544 1263 782 1312 firmissimis
803 1272 846 1312 &
869 1269 1054 1313 immotis
1076 1267 1301 1312 rationibus
1311 1284 1399 1312 eam
1414 1269 1553 1313 animo
1569 1266 1779 1312 admittere
1792 1282 1978 1330 oportet3
2002 1283 2053 1314 ne

423 1347 428 1354 ·
446 1325 554 1373 forte
564 1345 653 1375 eam
666 1365 678 1385 ,
689 1346 888 1392 tanquam
899 1335 1106 1395 vulgarem
1120 1334 1299 1392 aliquam
1313 1331 1664 1384 auditionem‚fine
1678 1334 1763 1377 ullo
1773 1331 2051 1390 judicio,acce-

220 2303 269 2349 ἐπ’
281 2308 420 2357 quidem

219 2359 366 2410 postnve.

445 1390 557 1454 pisse,
571 1408 694 1455 atque
706 1395 806 1441 adeo
817 1396 920 1443 illud
933 1397 1050 1458 quod
1062 1398 1256 1442 nescimus
1268 1394 1444 1443 adorasse
1456 1415 1498 1443 ac
1521 1395 1684 1442 coluiffe
1694 1396 2049 1460 deprehendamur.

444 1457 654 1520 Adeoque
675 1463 933 1523 temetipsum
944 1466 1170 1508 examinare
1182 1468 1223 1508 &
1236 1461 1421 1508 dubitare
1430 1464 1535 1515 licet,
1549 1479 1598 1507 an
1611 1463 1697 1509 satis
1709 1462 1838 1508 firmis
1848 1468 1889 1508 &
1903 1463 2051 1510 idoneis

444 1520 498 1566 de
518 1524 641 1570 causis
665 1528 820 1571 veritati
843 1541 927 1572 tarn
950 1526 1165 1573 necessariae
1179 1545 1222 1572 ac
1233 1528 1415 1589 pretiosae
1429 1525 1594 1574 assensus
1608 1527 1656 1574 fis
1670 1550 1682 1574 :
1699 1546 1791 1591 quae
1805 1543 1894 1574 non
1910 1542 1992 1575 tam
2003 1526 2050 1575 de

446 1589 558 1645 Deo,
571 1606 699 1653 quam
710 1589 761 1637 de
773 1593 892 1639 nobis
903 1609 947 1638 ac
958 1593 1116 1639 scientia
1128 1592 1267 1639 nostra
1277 1592 1480 1640 dubitatio
1493 1592 1562 1639 est.

821 1767 870 1815 C
945 1765 1004 1818 A
1080 1768 1119 1817 P
1199 1767 1252 1818 U
1326 1766 1373 1816 T
1505 1766 1559 1817 X
1609 1766 1672 1816 V.

544 1898 656 1965 De
674 1896 968 1995 Aseitate
988 1949 1007 1977 2
1039 1903 1397 1972 Primitctte
1415 1894 1502 1972 &³
1530 1910 1591 1967 U
1593 1901 1799 1971 nitate
1821 1901 1977 1972 Dei:

440 2064 537 2111 1.

553 2063 691 2094 ΑΝ
764 2066 861 2110 Um
886 2077 1021 2110 autem
1045 2069 1160 2112 Deus
1183 2067 1237 2112 ita
1248 2064 1458 2112 necessario
1471 2071 1513 2111 δε
1526 2081 1596 2128 per
1607 2066 1643 2112 se
1654 2064 1794 2111 existat
1808 2100 1819 2119 ‚
1843 2067 1962 2112 etiam
1978 2062 2047 2123 2³st

557 2146 560 2151 ·
713 2148 716 2152 ’
744 2130 813 2188 ,ςβ
823 2145 834 2180 3
862 2128 981 2190 quod
992 2133 1185 2176 omnium
1197 2149 1342 2177 eorum
1356 2149 1448 2192 quae
1461 2134 1503 2177 in
1514 2135 1611 2177 Deo
1635 2132 1915 2194 cognoscimus
1926 2166 1940 2187 ‚
1962 2147 2045 2178 ma-

761 2196 870 2238 xime
882 2193 1115 2240 admirabile
1127 2201 1169 2241 &
1182 2196 1585 2258 incomprehenfibile
1596 2196 1666 2242 est.

481 2276 541 2313 a>
644 2284 679 2312 s«
693 2284 698 2287 <
826 2262 879 2304 II.
908 2258 982 2305 Est
995 2261 1095 2305 vcro
1108 2263 1129 2306 a
1142 2262 1178 2306 se
1188 2263 1378 2324 ipso,non
1390 2276 1551 2308 tantum
1565 2261 1763 2323 negative,
1773 2277 1915 2307 verum
1927 2262 2042 2307 etiam

441 2329 620 2370 maxime
645 2323 835 2385 politive.
881 2327 1085 2386 Qamvis
1108 2328 1218 2372 enim
1242 2329 1406 2389 proprie
1430 2328 1487 2372 sui
1511 2327 1623 2372 causa
1634 2325 1708 2372 effe
1720 2342 1805 2371 non
1819 2324 1940 2390 poffit
1952 2360 1964 2380 ,
1996 2325 2042 2370 il·
2100 2326 2101 2331 ’

442 2389 515 2435 lud
538 2403 674 2435 tamen
698 2387 816 2449 quod
839 2391 994 2435 nullam
1007 2391 1161 2435 causam
1174 2390 1330 2445 habeat,
1356 2408 1490 2452 neque
1503 2409 1545 2437 ea
1558 2389 1745 2454 indigeat,
1767 2408 1852 2435 non
1867 2393 1888 2436 a
1902 2390 2040 2444 nihile,
2097 2437 2100 2454 ι

440 2453 505 2499 fied
529 2455 550 2498 εἴ
575 2455 732 2499 summa
744 2451 911 2500 ess'entiae
924 2454 1007 2514 ejus
1017 2455 1264 2517 perfectione
1275 2462 1317 2502 δε
1328 2454 1678 2502 omnisufficientia
1690 2455 1877 2519 profluit.
1911 2459 2040 2501 Cum·
2096 2506 2098 2509 ¹

441 2536 522 2577 que
544 2521 648 2564 ratio
672 2514 888 2568 existentiae
913 2520 995 2581 ejus
1006 2522 1184 2569 maxime
1194 2521 1371 2586 positiva
1385 2521 1449 2580 fit,
1474 2524 1594 2573 etiam
1607 2523 1629 2569 a
1641 2520 1775 2585 seipso
1788 2519 1958 2584 positive
1968 2514 2038 2565 effe
2096 2523 2097 2527 ’

440 2582 632 2633 dicendus
643 2583 712 2633 est.
1825 2654 1893 2707 m
1937 2650 1981 2699 H
2010 2647 2019 2656 .

1894 2684 1906 2700 .
1981 2657 2040 2701 ul}
