2116 2901
333 117 418 162 DE
451 116 885 162 PoNT11=1c11s
919 113 1481 163 TRADITIONARIIS.
1667 131 1720 174 59

72 200 222 264 isauria
236 234 249 255 ,
272 203 353 247 &c.
389 199 648 264 Qanquam
670 199 722 248 ad
744 197 822 247 hos
844 200 949 266 ipsos
960 217 1112 252 errores
1123 199 1299 248 tuendos
1316 200 1552 248 traditiones
1563 199 1613 248 ab
1625 200 1721 265 ipsis

91 269 264 314 inventae
276 267 382 313 sunt.

156 336 196 379 X
210 337 259 379 L.
296 331 517 391 Objiciunt
541 347 677 379 autem
700 331 910 380 Pontificii
931 348 1009 396 pro
1031 331 1321 379 traditionibus
1344 334 1420 379 suis
1443 333 1564 379 verba
1576 333 1706 390 Pauli,
1731 334 1908 401 afdwffl-

91 403 202 445 Sicut
215 399 360 444 tradidi
372 399 483 445 vobis
502 434 515 450 ,
528 401 759 445 traditiones
771 408 950 446 retinete.
984 417 1019 446 1.
1032 403 1138 445 Cor.
1156 416 1172 445 1
1185 417 1219 445 1:
1238 416 1277 453 2,
1293 416 1358 460 23,
1373 417 1437 461 34.
1460 402 1606 445 Tenete
1619 416 1706 446 tra·
1726 401 1856 451 aarum

89 465 263 510 ditiones.
301 481 338 510 2.
361 461 501 511 Theff.
521 482 572 510 -21
602 481 666 525 15.
701 466 826 529 Resp.
858 483 889 512 1.
925 463 1046 511 Nihil
1068 463 1134 510 hic
1156 468 1335 511 occurrit
1348 465 1421 511 nisi
1435 482 1520 511 vox
1543 469 1708 532 &553530‘4
1727 443 1869 538 3)ξὲῖῖ

91 544 166 573 πως
177 565 189 585 ,
227 547 320 592 quae
333 547 626 592 quamcunque
636 530 902 578 traditionem
916 565 929 585 ‚
942 529 1025 576 five
1037 547 1153 585 voce,
1169 530 1249 576 five
1261 532 1330 576 scri
1363 546 1424 585 to,
1437 530 1705 587 denotat‚un-
1846 526 1856 536 ⁶

87 593 138 642 de
150 601 190 642 ἅτ
202 594 402 659 duplicem
418 593 529 642 hunc
541 595 719 643 modum
734 595 967 660 Apostolus
981 598 1023 642 in
1037 598 1131 642 loco
1147 595 1198 642 ad
1210 595 1306 643 The
1339 598 1387 642 al.
1401 595 1628 660 distinguit,
1630 616 1703 662 per

79 661 300 721 sermonem
322 669 370 715 ὠ
392 663 606 726 epzstolam.
641 662 743 711 Vid.
774 681 809 710 1.
834 667 938 709 Cor.
970 679 1035 722 15:
1063 679 1098 723 3.
1133 663 1302 708 ‘Tradidi
1323 662 1447 709 vobis.
1485 681 1524 709 2.
1552 668 1703 725 Neque

87 729 206 774 etiam
233 727 429 783 dicimus,
464 731 605 774 onmia
628 728 871 776 Christianae
896 727 993 775 fidei
1017 730 1144 791 capita
1167 726 1324 774 duabus
1347 730 1423 774 illis
1447 728 1498 775 ad
1522 728 1702 777 Thessal.

87 793 260 855 epistolis
271 795 467 840 contineri
478 811 489 847 ;
507 793 617 842 unde
629 793 860 858 Apostolus
871 796 946 841 illis
958 793 1176 857 adjungere
1188 796 1325 856 potuit
1337 796 1476 840 vivam
1490 800 1532 841 &
1545 799 1701 844 oralem

85 858 197 905 suam
221 858 452 906 doetn'nam
467 894 479 915 ,
513 878 596 922 qua
618 861 853 907 universum
867 862 1141 923 Euangelium
1153 861 1228 905 illis
1241 859 1537 922 praedicaverat.
1579 879 1613 923 3.
1649 868 1701 909 In

85 925 179 971 loco
202 942 299 971 vero
327 930 479 973 1.Cor.
500 945 565 973 11:
583 944 646 989 23.
669 924 846 990 expresse
870 929 1003 990 agitur
1014 925 1065 972 de
1075 924 1295 973 traditione
1306 926 1476 989 scripta3
1503 928 1615 974 versu
1629 947 1702 974 au-

85 1004 167 1038 tem
193 1009 230 1037 2.
256 997 299 1037 &
325 1009 388 1054 34.
413 991 464 1038 de
477 995 689 1040 ritualibus
701 991 948 1054 quibusdam
962 995 1044 1055 agit
1057 1027 1069 1045 ,
1084 1008 1178 1052 quae
1192 1006 1238 1038 ut
1251 991 1406 1054 lingula
1418 992 1610 1057 descripta
1622 994 1702 1042 fint

83 1055 228 1103 neceffe
239 1074 325 1103 non
338 1057 408 1113 est,
421 1076 518 1105 cum
531 1061 703 1123 generali
714 1057 788 1105 hac
799 1060 936 1122 regula
947 1055 1362 1122 comprehendantur,
1397 1062 1550 1105 Omma
1563 1062 1702 1106 decen-

85 1138 144 1170 ter
156 1130 203 1177 θ’
215 1125 345 1169 ordine
345 1125 469 1186 fiant.
512 1143 547 1172 1.
562 1129 667 1171 Cor.
689 1142 755 1187 14:
768 1141 842 1186 40.

145 1190 185 1233 X
199 1194 234 1237 L
247 1194 279 1235 I.
321 1190 465 1250 Objic.
488 1189 869 1257 etiamJoh.16:12.
892 1192 1046 1236 Multa
1059 1189 1182 1237 habeo
1196 1189 1308 1236 vobis
1319 1191 1485 1237 dicenda
1497 1196 1576 1238 &c.
1608 1195 1698 1254 Qi
1723 1201 1792 1241 loh.
1814 1201 1878 1239 16:

81 1254 192 1302 locus
213 1257 333 1302 etiam
357 1258 460 1302 olim
486 1258 537 1304 ab
548 1256 742 1304 haereticis
754 1273 831 1320 pro
844 1257 1049 1302 erroribus
1060 1261 1103 1301 δε
1116 1254 1405 1302 traditionibus
1418 1257 1497 1303 suis
1512 1258 1614 1321 saepe
1628 1259 1698 1306 ad·
1724 1267 1742 1295 1
1752 1270 1788 1297 ὲ·

81 1335 239 1384 optatus
250 1320 319 1370 est.
354 1327 514 1371 Verum
528 1322 579 1370 ad
590 1324 804 1369 summum
816 1321 912 1368 hinc
924 1323 1132 1385 colligitur
1142 1357 1155 1377 ‚
1177 1321 1407 1385 Apostolos
1421 1323 1614 1384 quaedam
1627 1343 1699 1371 an-

82 1400 122 1432 te
142 1402 345 1452 acceptum
371 1390 557 1452 spiritum
582 1386 806 1453 ignorasse,
843 1406 936 1450 quae
964 1402 1104 1436 tamen
1128 1388 1266 1451 postea
1289 1387 1554 1445 edoctisunt,
1590 1390 1698 1438 &de

79 1453 125 1503 iis
147 1470 315 1516 quoque
337 1455 557 1502 Ecclesiam
583 1455 876 1502 instruxerunt.
911 1458 1064 1515 Neque
1088 1453 1189 1500 adeo
1201 1453 1252 1500 de
1264 1452 1481 1501 neceffariis
1492 1458 1698 1519 religionis
1816 1485 1838 1498 κ

75 1520 270 1581 capitibus
303 1520 389 1567 haec
401 1523 567 1586 intelligi
580 1521 730 1568 debent
757 1523 843 1578 (illa
855 1522 966 1565 enim
979 1517 1176 1565 nescivisse
1190 1519 1420 1583 Apostolos
1442 1519 1522 1567 dici
1535 1526 1604 1568 vix
1618 1539 1696 1586 po-

77 1583 165 1639 test,
181 1587 357 1647 Chrg'slus
367 1596 473 1634 enim
487 1596 638 1643 omnia,
650 1606 734 1651 quae
745 1589 907 1633 audivit
918 1585 943 1631 c}
958 1591 1081 1631 Patre
1086 1587 1175 1644 suo,
1191 1588 1392 1648 notnfecit
1402 1595 1463 1638 iis,
1479 1588 1557 1634 scil.
1573 1593 1697 1651 Apo-

77 1648 200 1698 stolis.
226 1652 328 1718 Joh.
348 1670 412 1713 15:
431 1659 528 1714 15.)
567 1671 697 1716 quam
720 1652 894 1715 quidem
915 1651 966 1697 de
990 1651 1258 1714 lingularibus
1282 1652 1529 1713 quibusdam
1543 1654 1700 1718 myste-

71 1717 138 1763 riis
151 1751 162 1770 ,
197 1733 339 1782 utpote
360 1720 411 1767 de
423 1723 639 1767 vocatione
650 1721 837 1783 gentium
851 1753 864 1772 ‚
892 1732 990 1763 ortu
1003 1716 1225 1781 apostaliae,
1237 1722 1280 1764 δε
1294 1720 1376 1765 aliis
1389 1716 1439 1765 ad
1452 1718 1603 1766 statum
1618 1725 1701 1768 Ec-

73 1782 195 1830 clefiae
210 1788 267 1831 N.
282 1789 338 1833 T.
361 1787 655 1849 pcrtinentibus
667 1787 789 1848 accipi
803 1781 982 1848 possunt.
1399 1818 1407 1824 -

140 1853 178 1897 X
192 1855 227 1897 L
241 1856 261 1897 I
274 1856 308 1899 Ι.
344 1858 478 1899 Patres
501 1850 674 1914 quidem
696 1849 971 1898 traditionum
993 1850 1093 1913 saepe
1116 1851 1372 1898 mentionem
1403 1850 1570 1899 faciunt.
1605 1858 1696 1901 Ve-
1717 1859 1887 1910 Qomodo

73 1931 166 1962 rum
196 1935 230 1964 1.
254 1919 318 1965 illa
352 1936 444 1981 quae
469 1919 681 1982 Scripturis
702 1919 966 1965 continentur
1003 1938 1024 1968 ,’
1042 1917 1143 1979 saepe
1155 1916 1390 1963 traditiones
1403 1920 1623 1981 appellant3
1651 1925 1693 1966 δε
1715 1927 1769 1976 Ψ
1789 1922 1881 1958 urse-

75 1997 288 2044 nunquam
301 1984 537 2032 traditiones
551 1986 766 2047 Scripturae
779 1997 1001 2047 opponunt
1013 2016 1026 2037 ,
1056 1999 1153 2028 cum
1166 1999 1294 2028 omne
1309 1982 1511 2042 judicium
1524 2002 1573 2031 ex
1588 1988 1694 2032 Scri-
1714 1983 1733 2006 r
1736 1984 1746 2005 ¹
1748 1981 1785 2007 '²'
1802 1974 1888 2020 ¹²³²

75 2050 193 2111 ptura
216 2050 354 2098 strant.
397 2069 434 2100 2.
460 2056 572 2116 Saepe
595 2053 717 2096 etiarn
742 2066 812 2113 per
836 2047 1073 2095 traditiones
1095 2050 1329 2112 intelligunt
1340 2051 1698 2098 ritus&caerimo-
1717 2035 1793 2064 ἠδ’

74 2115 154 2161 nias
176 2116 358 2164 Ecclesiae
372 2153 384 2173 ‚
410 2118 461 2166 de
484 2118 636 2180 quibus
659 2117 770 2162 nulla
783 2114 841 2161 est
853 2113 1146 2170 controversia,
1184 2133 1217 2177 3.
1246 2113 1493 2163 &haereticis
1506 2117 1692 2179 quidem,

73 2195 213 2228 contra
237 2180 363 2229 fidem
378 2189 420 2231 &
434 2183 755 2231 fundamentum
767 2180 1064 2245 disputantibus
1075 2215 1089 2237 ,
1124 2181 1223 2245 saepe
1236 2183 1519 2245 opposuerunt
1529 2184 1700 2248 prkcfiri-

67 2254 261 2309 ptionem3
299 2253 394 2312 quia
418 2253 519 2297 circa
543 2248 864 2296 fundamentum
892 2247 995 2293 nihil
1009 2249 1109 2292 novi
1121 2249 1163 2292 in
1178 2247 1355 2294 Ecclesia
1369 2248 1499 2295 audiri
1512 2250 1699 2306 debebat,

73 2312 189 2374 quod
213 2331 297 2360 non
311 2331 421 2363 antea
434 2319 484 2364 ab
497 2315 712 2380 Apostolis
723 2313 921 2361 traditum
936 2318 978 2359 &
992 2314 1014 2358 a
1028 2312 1216 2359 fidelibus
1228 2329 1436 2378 receptum
1450 2312 1563 2367 effct3
1580 2315 1697 2376 juxta

74 2378 173 2425 illud
188 2415 199 2434 ,
223 2384 369 2429 ladam
393 2387 489 2447 leges
514 2400 623 2429 meas
648 2390 688 2427 in
715 2397 889 2428 mentem
903 2399 1040 2426 eorum
1054 2415 1066 2435 ‚
1092 2387 1193 2433 &in
1206 2382 1323 2426 corda
1337 2382 1698 2439 eorummscrt'bam

70 2461 137 2490 eas
160 2475 240 2487 ---
263 2455 311 2501 όν
323 2468 398 2494 non
412 2436 560 2496 Zocebit
572 2447 739 2511 quisque
748 2451 981 2512 proximum
983 2447 1126 2504 flium,
1139 2454 1187 2500 ὠ
1199 2446 1364 2510 quisqne
1367 2449 1549 2508 fratrem
1552 2447 1694 2506 fitam.

68 2509 150 2573 Jer.
172 2529 234 2573 31:
254 2531 312 2576 33.
341 2520 383 2561 δε
409 2516 539 2562 Hebr.
558 2516 599 2562 8:
620 2530 687 2560 10.
722 2518 869 2575 Atque
893 2511 994 2559 adeo
1009 2512 1162 2558 merito
1176 2529 1262 2557 non
1276 2515 1619 2576 praescriptionem
1634 2514 1699 2558 so-

73 2575 162 2625 lum
178 2613 192 2637 ³
207 2580 280 2645 *sed
292 2584 334 2631 &
345 2588 711 2650 interpretatiqum
720 2578 1318 2694 scrtpturaestcssndumftnfhm
1329 2580 1567 2632 catholicum
1580 2596 1702 2693 igge-

1070 2661 1092 2691 2
1616 2660 1699 2702 ant,
