2116 2901
227 930 395 973 ereafio-

228 1002 304 1028 nem
316 1001 353 1024 O-

230 1057 341 1082 mnem
353 1055 426 1080 mo·

230 1109 341 1136 memo
349 1107 429 1147 per-

232 1156 349 1191 artium

237 1207 382 1257 quidam

231 1263 366 1312 censent.

234 1419 389 1467 ¹{Qorum

235 1472 399 1524 sententia

240 1526 347 1573 obstat

241 1579 340 1630 Molis
353 1579 412 1617 hi-

233 1635 353 1687 storia.

243 2356 347 2406 spatio
361 2353 395 2390 in

251 2406 393 2447 creando

250 2462 331 2511 usus
337 2461 420 2529 funs

251 2519 296 2569 git
310 2515 324 2554 Ξ

424 138 515 199 284
794 117 1732 176 L1n.1.CA1³uTXL11.

781 295 1334 355 CAPUT
1436 291 1688 346 XLII.

600 443 707 513 De
758 428 1069 536 Operibus
1105 431 1465 503 creationis
1515 431 1584 500 in
1612 425 1886 529 specie).

691 645 701 663 ,ι
721 625 728 627 >
773 601 1086 654 Escendendum
1099 617 1211 647 nunc
1222 597 1272 646 ad
1284 613 1558 646 creaturarum
1573 597 1738 661 species,
1752 615 1854 660 quas
1868 597 1976 645 varie
1988 596 2055 659 diff

713 670 731 724 ‘'st
775 669 1069 734 viduntJudaei
1081 672 1123 715 &
1141 665 1402 714 Cabbalistae:
1416 681 1490 710 nos
1502 667 1605 727 Spir.
1617 663 1904 711 adivi-{ionem
1917 665 2058 726 seque-

774 757 894 791 mur,
930 739 1004 798 qui
1027 753 1087 781 eas
1109 731 1257 780 dividit
1275 731 1392 792 juxta
1416 730 1629 794 smgularia
1652 732 1716 776 sex
1739 729 1898 778 dierum
1924 747 2061 794 opera.

774 811 840 853 Ac
862 805 912 851 de
933 805 1009 850 illis
1031 803 1141 866 prius
1163 802 1205 846 in
1219 815 1364 863 genere
1375 798 1589 853 nonnulla,
1611 811 1704 844 tum
1718 796 1874 861 fingula
1884 800 1925 843 in
1940 799 2063 860 specie

767 871 1012 919 videbimus.

511 946 569 990 ΙΙ.
605 943 871 989 Creationem
898 953 1074 982 omnem
1098 950 1185 980 non
1210 931 1275 978 sex
1297 930 1458 977 dierum
1472 929 1715 988 interstitiis,
1749 929 1817 977 sed
1831 931 1954 976 unico
1968 945 2062 977 mo-

449 1023 592 1056 mento
618 1010 823 1072 peractam
836 1001 911 1049 effe
925 1038 938 1058 ‚
976 1019 1075 1048 cum
1089 1014 1270 1047 veterum
1285 998 1407 1044 multi
1421 1031 1433 1052 ,
1467 1012 1562 1043 tum
1575 999 1696 1044 etiarn
1709 1013 1760 1043 ex
1773 997 2066 1044 recentioribus

451 1074 622 1137 quidam
647 1074 804 1137 opinati
826 1071 942 1122 sunt3
970 1082 1094 1129 atque
1117 1069 1161 1112 in
1185 1066 1414 1112 narratione
1438 1062 1573 1108 Mofis
1595 1063 1678 1110 dies
1700 1063 1821 1109 nobis
1832 1065 2065 1125 allegoricos

450 1140 769 1193 confinxerunt,
804 1136 954 1197 eosque
976 1133 1092 1192 juxta
1116 1134 1381 1193 cogitationes
1404 1130 1643 1191 angelorum
1669 1130 1732 1175 vel
1753 1127 1978 1177 hominum
2002 1128 2066 1176 di.

453 1207 705 1253 stinxerunt:
732 1220 868 1251 errore
879 1219 930 1247 ex
942 1202 1132 1263 scriptore
1145 1195 1435 1261 Apocrypho,
1461 1194 1668 1258 Syracidal,
1693 1212 1727 1240 c.
1748 1196 1813 1242 18.
1834 1213 1869 1242 1.
1883 1198 2066 1259 primum

453 1287 618 1335 accepto
647 1306 661 1328 ,
696 1272 773 1333 qui
795 1273 940 1317 Deum
954 1268 1095 1313 omnia
1119 1279 1210 1331 κων-ᾗ
1230 1302 1242 1319 ,
1283 1261 1404 1325 quod
1415 1264 1603 1329 vulgatus
1613 1259 1791 1308 reddidit
1789 1264 1931 1323 stmul,
1947 1263 2067 1310 creas?-

452 1339 489 1384 se
501 1337 620 1385 dixit.

521 1407 601 1449 III.
641 1401 796 1449 Obstat
820 1415 957 1447 autem
983 1398 1154 1462 fimplex
1168 1395 1410 1443 &historica
1423 1391 1558 1441 Mofis
1571 1394 1773 1449 narratio,
1810 1395 1884 1455 qui
1908 1394 1972 1442 sex
1984 1392 2068 1443 dies

457 1484 660 1516 memorat
674 1504 685 1523 ‚
721 1473 764 1514 δε
787 1466 952 1530 fingulis
974 1464 1115 1511 diebus
1139 1464 1357 1527 proprium
1381 1477 1486 1524 opus
1498 1458 1706 1511 adscribit3
1722 1477 1766 1505 ac
1778 1462 1962 1521 primum
1976 1464 2070 1523 qui-

458 1534 554 1581 dem
566 1550 716 1581 terram
730 1530 844 1581 fuisse
856 1548 1026 1578 vacuam
1039 1533 1257 1576 &inanem
1271 1562 1284 1582 ‚
1310 1525 1531 1590 posteaque
1544 1542 1746 1586 aquarum
1762 1525 1909 1572 factam
1922 1527 2071 1591 separa.

455 1603 615 1648 tionem
627 1599 725 1646 dicit
737 1635 750 1655 ,
785 1596 905 1660 quod
918 1611 1063 1644 verum
1076 1612 1162 1641 non
1176 1595 1255 1641 fuit
1268 1629 1280 1648 ‚
1316 1592 1346 1639 fi
1361 1609 1447 1638 uno
1459 1604 1679 1637 momento
1692 1591 1973 1639 consummata
1985 1593 2072 1641 fue-

457 1680 556 1714 runt
581 1667 734 1711 omnia.
776 1662 949 1711 Accedit
961 1661 1080 1724 quod
1092 1659 1237 1708 eadem
1249 1676 1308 1705 res
1318 1672 1520 1720 repetatur
1532 1660 1573 1703 in
1588 1671 1737 1718 quarto
1751 1673 1953 1722 praecepto
1965 1695 1978 1716 ,
2013 1673 2073 1707 at-

462 1749 545 1794 que
569 1749 621 1778 eo
645 1732 838 1794 exemplo
863 1731 1039 1792 populus
1066 1727 1115 1774 ad
1143 1728 1323 1788 quietern
1347 1725 1519 1786 septimo
1546 1721 1611 1768 die
1624 1721 1821 1785 agendam
1835 1740 2071 1779 moveatur3

463 1796 583 1862 quod
597 1796 681 1843 fieri
695 1813 781 1842 non
795 1809 953 1858 poterat
965 1830 977 1848 ‚
1017 1794 1047 1841 fi
1061 1810 1147 1838 non
1161 1793 1308 1856 pariter
1320 1794 1436 1836 Deus
1450 1789 1515 1834 sex
1527 1787 1609 1834 dies
1619 1790 1662 1833 in
1675 1786 1916 1837 conditione
1927 1789 2073 1842 mundi

465 1862 581 1925 quafi
604 1877 823 1925 occupatus
834 1895 846 1916 ‚
888 1861 1061 1924 septimo
1075 1857 1140 1905 die
1163 1856 1339 1904 demum
1353 1852 1565 1917 quievisset
1577 1888 1589 1908 ‚
1603 1858 1645 1899 &
1660 1855 1884 1901 Sabbatum
1896 1857 2078 1921 agitaviss

463 1930 534 1975 set,
573 1927 781 1993 Syracides
792 1942 929 1973 autem
943 1961 956 1980 ,
992 1942 1089 1972 cum
1103 1925 1244 1969 omnia
1267 1936 1359 1988 κοινῇ
1387 1919 1551 1968 condita
1575 1918 1686 1974 dicit,
1714 1936 1800 1965 non
1815 1919 1865 1967 de
1878 1935 2076 1987 tempore,

463 1993 530 2041 secl
554 1993 605 2040 de
617 2008 905 2042 creaturarum
928 1993 1122 2037 omnium
1149 1990 1392 2036 collectione
1406 2022 1417 2042 ,
1452 2004 1545 2047 quae
1558 1987 2077 2048 pariter&communitera

461 2062 564 2107 Deo
588 2059 766 2107 conditae
779 2059 894 2111 sunt,
933 2054 1214 2120 intelligendus
1236 2055 1306 2102 est.
1358 2054 1506 2101 Similis
1517 2053 1645 2098 sensus
1658 2051 1740 2099 est:
1766 2055 1883 2101 thet
1884 2055 2078 2120 sapientes

467 2134 581 2179 mori,
589 2126 899 2185 fimulstultum
913 2130 960 2177 ὠ
973 2123 1141 2169 brutum
1149 2128 1292 2185 perire.
1327 2121 1577 2180 Psal.49:11.
2070 2149 2074 2152 <

532 2196 612 2239 IV.
647 2189 735 2236 Isto
759 2204 896 2237 autem
919 2190 1046 2251 spatio
1070 2190 1113 2233 in
1138 2186 1313 2234 creando
1336 2192 1453 2235 Deus
1465 2185 1556 2231 usus
1567 2183 1646 2231 fuit
1665 2199 1785 2237 3tum
1800 2200 1847 2232 ut
1858 2187 2079 2234 libertatem

468 2256 581 2303 suam
593 2256 825 2308 testaretur3
853 2269 945 2301 tum
960 2269 1007 2301 ut
1020 2255 1253 2317 sapientiam
1266 2255 1378 2300 suam
1392 2254 1435 2297 in
1449 2249 1672 2314 magnifico
1686 2249 1768 2297 hoc
1780 2269 1902 2315 opere
1913 2270 1983 2316 per
1993 2269 2080 2317 par·

468 2336 527 2369 tes
556 2321 670 2383 quafi
694 2323 931 2384 explicaret,
967 2326 1010 2366 &
1033 2321 1076 2365 in
1100 2332 1372 2366 creaturarum
1388 2315 1646 2383 potiffimum
1662 2333 1770 2363 nexu
1784 2323 1827 2364 ὃ(
1842 2318 1986 2366 ordine
1997 2335 2081 2364 ma·-

469 2390 627 2434 ximam
651 2402 807 2451 partem
836 2388 1027 2432 latentem
1053 2387 1209 2448 plenius
1232 2388 1436 2432 evolveret
1456 2402 1470 2437 ς
1513 2397 1607 2430 tum
1631 2397 1677 2430 ut
1701 2386 1936 2431 universum
1961 2399 2080 2431 mun·

469 2454 574 2500 dum
589 2488 601 2508 ,
637 2467 762 2516 prout
786 2455 891 2498 inter
914 2453 1011 2516 ipsas
1035 2450 1249 2497 formantis
1275 2455 1358 2499 Dei
1382 2467 1527 2498 manus
1549 2452 1720 2496 versatus
1732 2449 1815 2506 est,
1850 2450 2080 2515 singulaque

469 2518 520 2565 ad
543 2518 629 2578 ejus
654 2534 807 2565 nutum
836 2535 880 2564 ac
902 2519 1083 2564 vocantis
1094 2519 1314 2580 imperium
1327 2520 1370 2564 in
1385 2518 1488 2565 hanc
1501 2515 1648 2563 mundi
1664 2517 1818 2563 scenam
1832 2516 2080 2580 prodierunt,

469 2584 543 2631 suo
565 2582 712 2633 ordine
735 2585 857 2633 nobis
868 2584 926 2633 ob
938 2585 1083 2634 oculos
1094 2594 1275 2648 poneret
1286 2620 1300 2645 ,
1336 2600 1459 2651 atque
1473 2580 1752 2633 amoemffimo
1766 2583 1846 2635 isto
1860 2581 2079 2649 speetaculo

2005 2658 2077 2694 nos
