2116 2901
233 540 356 576 Tutius
368 549 427 576 ta-

235 608 312 633 mon
323 593 419 642 fides·

235 1016 339 1067 §laod
354 1015 437 1054 allen

235 1074 322 1109 dum
354 1071 435 1108 Phi·

238 1124 379 1176 lofivpho-

238 1193 317 1217 rum
326 1193 418 1218 erro-

236 1247 298 1273 res.

248 2126 381 2182 Qibui

247 2186 399 2237 pracipu?

252 2242 404 2278 medetur

251 2294 396 2333 Verbum

252 2351 333 2388 Dei.

455 169 537 217 272
831 150 1675 200 Lxss.1.CApu1-XL1.

453 231 653 286 &iffimae‚
673 247 819 297 utpote
831 234 852 278 ἆ
866 235 978 280 nulla.
989 247 1152 279 externa
1164 231 1277 278 causa
1291 230 1482 278 cohibitae
1495 236 1537 277 &
1561 232 1757 278 limitatae.
1793 227 1916 277 Adeo
1928 227 2070 285 uthaec

452 299 534 362 ipla
557 316 696 345 rerum
722 302 917 346 omnium
941 299 1197 362 imperfectio
1222 299 1347 343 alium
1362 296 1512 343 mundi
1524 311 1647 357 atque
1660 297 1827 359 originis
1839 296 1986 344 nostrae
1999 301 2069 346 auk,

451 366 624 411 &torum
637 380 750 412 extra
763 382 838 412 nos
853 400 865 420 ‚
891 367 966 427 qui
981 364 1153 427 lingulas
1166 377 1362 410 creaturas
1374 365 1415 408 in
1428 365 1598 426 proprio
1622 361 1767 407 ordine
1779 379 1825 408 ac
1836 360 1923 408 sede
1935 364 1977 408 in
1986 361 2072 423 hoc,

452 439 592 477 rerum
615 446 840 478 creatarum
867 430 1055 477 universo
1080 431 1310 484 collocavit,
1334 428 1581 492 singulisque
1604 429 1786 492 proprias
1806 426 2071 494 perfectiones

453 494 581 551 dedit,
596 496 815 543 manifesto
829 496 1029 545 ostendat.

521 567 579 610 V.
604 567 641 608 A
650 576 750 624 tque
762 565 817 609 ita
827 580 876 609 ex
890 565 969 626 ipsa
979 564 1136 608 ratione
1149 559 1297 623 myndi
1309 559 1431 619 hujus
1443 562 1592 606 creatio
1604 575 1690 605 non
1705 557 1926 606 difficulter
1936 560 2069 608 osten·

454 626 579 675 ditur.
597 631 752 674 Tutius
763 643 898 675 tamen
914 633 954 674 δ(
968 626 1301 691 compendiosius
1311 643 1401 671 eam
1417 625 1516 672 fides
1537 627 1654 672 nobis
1664 624 1841 672 exhibet.
1877 636 1974 678 m'ffl
1998 639 2071 679 ηε.

455 720 519 752 μεν
533 729 546 749 ,
560 696 646 757 fide
658 696 944 756 consideramus
957 709 1097 757 aptata
1110 693 1176 755 effe
1185 693 1321 749 Facula
1333 692 1453 738 verbo
1466 697 1546 738 Dei
1563 697 1643 738 &c.
1659 693 1820 738 Hebr.1
1833 710 1848 738 1
1858 710 1910 754 ²3·
1924 700 2070 757 Qan-

455 776 586 820 quam
611 761 722 805 enim
747 777 797 805 ex
821 759 913 821 ipsis
927 761 1044 806 rebus
1056 761 1194 804 creatis
1209 776 1252 804 ea
1265 772 1394 821 pateat
1407 792 1419 813 ,
1450 772 1573 819 atque
1587 757 1652 803 hic
1665 759 1854 804 articulus
1864 775 1913 804 ex
1925 775 2068 807 eorum

451 841 595 887 genere
609 824 673 880 fit,
699 842 792 887 quae
808 825 930 871 fimul
941 829 1035 871 sunt
1058 835 1146 876 πιςοὶ
1169 834 1226 881 ³924*
1251 833 1412 876 ὲπις-ηπὲς
1440 838 1617 870 attamen
1643 836 1750 877 uino-⁴5
1772 829 1815 869 &
1842 823 2069 873 considera..

454 892 517 937 tio
529 893 609 945 illa,
624 909 716 952 quae
731 891 893 938 homini
909 894 1135 938 naturali&
1149 904 1346 954 corrupto
1358 888 1488 937 defuit
1500 924 1512 945 ,
1527 907 1597 953 per
1608 893 1782 938 verbum
1795 893 1878 938 Dei
1889 889 2082 939 &fidem'

457 956 541 1016 ejus
554 959 595 1003 in
611 958 729 1003 nobis
741 959 951 1004 excitatur.
2049 955 2052 957 i

524 1027 566 1069 V
579 1028 613 1069 Ι.
651 1022 787 1086 Qod
801 1025 985 1085 apparuit
997 1039 1045 1067 ex
1059 1020 1411 1085 Philosophorum
1425 1022 1650 1069 erroribus:
1676 1039 1860 1084 quorum
1876 1024 1953 1075 alii,
1984 1038 2070 1072 rna-

456 1087 598 1151 gnifici
612 1088 713 1135 adeo
726 1091 859 1152 operis
873 1087 1143 1135 admiratione
1158 1087 1342 1150 perculsi,
1355 1086 1566 1133 mundum
1580 1103 1702 1150 atque
1715 1089 1962 1136 immensum
1975 1088 2067 1146 hoc,

457 1153 578 1215 quod
591 1154 777 1201 videmus
790 1159 831 1200 δε
846 1156 1055 1217 palpamus
1069 1188 1080 1207 ‚
1108 1151 1241 1215 ipsum
1254 1150 1329 1199 effe
1342 1157 1486 1200 Deum
1500 1152 1693 1201 dixerunt
1707 1188 1719 1208 ‚
1744 1168 1791 1200 ut
1804 1157 1978 1202 Plinius:
2002 1156 2070 1204 alii

455 1219 528 1267 ets1
552 1222 765 1267 au&orern
789 1222 968 1281 aliquem
994 1218 1116 1279 hujus
1130 1218 1278 1265 mundi
1291 1218 1510 1267 faterentur
1523 1253 1535 1273 ‚
1549 1237 1635 1265 non
1649 1222 1755 1266 reste
1767 1230 1903 1267 tamen
1915 1219 2069 1270 adeum

455 1282 652 1350 assurgere
665 1288 880 1333 valuerunt
896 1305 906 1331 :
922 1284 1001 1340 sed,
1014 1302 1111 1331 cum
1124 1301 1173 1330 ex
1188 1283 1318 1331 nihilo
1333 1283 1431 1330 nihil
1446 1280 1555 1348 posse
1569 1285 1656 1332 fieri
1668 1287 1969 1341 arbitrarentur,
1991 1285 2070 1334 isto
2110 1315 2111 1321 κ

457 1354 664 1399 axiomate
687 1351 869 1415 decepti,
904 1353 968 1397 vel
991 1350 1201 1397 mundum
1224 1349 1337 1396 hunc
1361 1364 1561 1397 aeternum
1585 1349 1661 1398 effe
1684 1351 1938 1408 docuerunt,
1979 1367 2070 1414 quae

460 1420 690 1476 Aristotelis
702 1418 893 1464 sententia
906 1416 998 1472 fuit,
1012 1419 1086 1479 qui
1101 1422 1244 1464 Deum
1258 1433 1343 1462 non
1358 1414 1600 1464 efficientem
1615 1452 1627 1473 ‚
1662 1417 1727 1464 sed
1747 1417 1911 1464 finalem
1924 1416 2070 1465 mundi

459 1484 620 1530 causam
633 1483 784 1530 statuit.
822 1488 940 1530 Cum
954 1497 1091 1529 autem
1103 1480 1198 1528 inde
1210 1483 1440 1544 sequeretur
1451 1516 1463 1536 ‚
1500 1484 1631 1547 pofita
1644 1482 1730 1530 haec
1743 1482 1894 1530 mundi
1906 1482 2073 1548 disposi-

462 1552 578 1596 tione
589 1586 601 1602 ,
640 1549 829 1596 infinitus
854 1565 975 1610 atque
1000 1563 1171 1595 aeternus
1191 1551 1423 1594 animarum
1449 1564 1664 1602 numerum
1702 1550 1946 1616 Pythagoras
1962 1586 1974 1602 ,
2000 1548 2074 1598 ist&

463 1614 705 1663 difficultate
727 1617 884 1670 victus,
923 1617 1153 1661 animarum
1183 1626 1447 1678 μεπμψύχωω
1475 1629 1736 1662 commentus
1748 1614 1820 1670 est,
1844 1632 1970 1677 quem
1983 1617 2074 1679 plu-

463 1697 524 1728 res
536 1680 768 1744 philosophi
782 1683 901 1727 secuti
912 1682 1005 1728 sunt
1019 1701 1029 1727 ι
1062 1683 1122 1727 vel
1137 1685 1336 1728 contraria
1348 1686 1411 1729 via
1424 1698 1520 1729 cum
1533 1687 1702 1746 Epicuro
1716 1680 1925 1728 mundum
1939 1698 2010 1728 nec
2019 1699 2074 1734 ae-,

463 1761 629 1793 ternum
644 1782 656 1802 ‚
692 1764 765 1793 nec
787 1745 965 1793 eundern
989 1746 1142 1810 semper
1166 1743 1239 1792 effe
1263 1746 1455 1794 dixerunt
1467 1784 1481 1804 ‚
1516 1748 1582 1794 sed
1594 1765 1691 1794 eum
1705 1764 1759 1792 ex
1784 1749 1930 1794 atomis
1941 1749 2077 1810 saepiu3

465 1812 784 1859 construxerunt
798 1848 810 1868 ‚
846 1827 970 1873 atque
991 1815 1034 1857 in
1060 1810 1214 1858 easdem
1227 1814 1359 1860 rursus
1372 1812 1662 1866 diffolverunt5
1679 1819 1721 1860 &
1735 1829 1823 1858 non
1839 1817 1995 1869 Deum,
2009 1810 2073 1861 sed

464 1878 601 1924 casum
618 1878 768 1925 mundi
780 1877 1046 1925 architectum
1060 1877 1263 1931 fecerunt3
1294 1878 1404 1926 unde
1415 1896 1548 1941 neque
1561 1882 1669 1934 Dei,
1703 1896 1837 1940 neque
1848 1881 1967 1926 etiam
1979 1894 2074 1942 pro-

464 1945 553 2006 prie}
567 1943 790 1990 hominum
805 1943 919 1991 causa
931 1959 1028 1989 eum
1041 1943 1198 1989 faetum
1211 1947 1446 1992 voluerunt.
1483 1949 1600 1991 Cum
1613 1960 1750 1991 tamen
1762 1962 1866 2007 opus
1878 1943 1977 1991 adeo
1990 1961 2076 1990 ma-

465 2025 600 2072 gnum
625 2024 748 2071 atque
770 2012 927 2074 elegans
950 2009 1075 2073 longe
1099 2011 1181 2055 aliis
1199 2028 1326 2073 quam
1338 2011 1516 2059 fortunae
1530 2012 1719 2059 manibus
1741 2012 1978 2058 extruetum
1989 2006 2074 2072 else,
2114 2029 2116 2033 ¹

467 2078 532 2121 vel
546 2078 783 2123 caecutienti
796 2090 939 2139 pateat.
1889 2120 1892 2124 .

535 2146 579 2190 V
593 2146 660 2188 II.
698 2147 765 2188 Ex
790 2141 872 2188 hoc
895 2155 1032 2188 autem
1057 2142 1299 2206 labyrintho
1321 2160 1408 2190 non
1433 2143 1553 2191 datur
1578 2141 1912 2207 compendiosior
1932 2143 2070 2207 exitus,

470 2224 599 2269 quam
623 2207 868 2272 apprehenso
894 2207 970 2253 filo
996 2212 1111 2256 verbi
1138 2212 1220 2256 Dei
1233 2226 1245 2262 ;
1274 2209 1393 2271 quod
1416 2210 1491 2256 hac
1514 2213 1555 2256 in
1570 2225 1680 2273 parte
1690 2211 1890 2255 laboranti
1903 2208 2076 2254 hominis

469 2277 654 2338 corrupti
677 2276 827 2321 rationi
851 2276 1044 2320 succurrit
1056 2310 1070 2331 ‚
1107 2292 1280 2336 eamque
1305 2276 1444 2322 firmat
1467 2294 1510 2323 ac
1533 2276 1663 2322 fulcit.
1698 2278 1825 2322 Sicuti
1850 2275 1985 2321 Moses
1997 2272 2075 2320 fine

471 2342 563 2387 ullis
586 2341 823 2404 ambagibus
846 2343 964 2386 creati
987 2341 1136 2387 mundi
1168 2343 1369 2404 originem
1383 2357 1505 2403 atque
1518 2344 1661 2388 natales
1673 2343 1791 2387 initio
1804 2342 1916 2387 sacrae
1929 2340 2003 2386 suae
2015 2337 2077 2384 hi-

473 2406 608 2454 storiae
632 2405 797 2469 pandit,
837 2410 879 2451 &
906 2407 1094 2453 brevibus
1117 2408 1247 2453 verbis
1271 2407 1450 2453 infinitas
1478 2425 1521 2453 ac
1544 2405 1843 2453 molestissimas
1859 2406 2074 2452 hominum

475 2473 740 2535 cogitationes
763 2476 806 2518 &
833 2471 1077 2533 quaestiones
1089 2475 1131 2518 in
1144 2471 1217 2518 hac
1231 2475 1394 2520 materia
1407 2473 1633 2536 praescindit
1645 2490 1656 2525 3
1685 2473 1799 2531 cujus
1810 2471 1953 2518 rudera
1964 2487 2006 2516 ac
2016 2485 2074 2531 re-

474 2539 612 2598 liquiae
636 2536 828 2600 quaedam
850 2539 894 2585 in
918 2537 1265 2603 philosophorum
1287 2554 1410 2602 atque
1421 2546 1641 2604 poetarum
1655 2540 1805 2603 scriptis
1816 2535 1945 2585 adhuc
1957 2533 2074 2582 hodie

476 2617 629 2651 CXtasst·

1819 2670 1941 2718 VIII.
1977 2669 2073 2713 Cre-
