2303 3119
278 1517 282 1520 Δ
330 1529 376 1564 Vt
396 1522 481 1563 male

330 1589 492 1629 -mgentur

323 1639 523 1685 rconfequen-

333 1690 384 1727 ria
414 1690 504 1728 theo-

333 1744 446 1794 logice.

548 208 601 250 16
966 193 1760 241 L1B.1.CApuT11.

617 289 649 331 L
665 289 705 333 X
718 289 739 331 I
751 289 771 331 I
785 289 818 331 Ι.
855 287 910 330 Et
937 284 1124 344 quamvis
1137 279 1344 328 conclusio
1356 281 1423 326 illa
1434 282 1555 326 etiam
1569 280 1823 326 contineatur
1835 281 1877 326 in
1890 277 2088 344 praemissa
2100 283 2156 327 al-

543 364 626 398 tera
638 352 808 397 naturali
822 385 834 405 ‚
858 365 944 394 non
956 362 1092 394 tamen
1104 347 1197 394 ideo
1210 349 1331 393 etiam
1345 344 1553 391 conclufio
1566 345 1632 390 illa
1643 346 1831 391 naturalis
1842 346 1900 392 est
1916 366 1926 392 ι
1952 344 2155 408 quicquid

543 418 654 461 enirn
666 418 720 462 ita
731 417 773 460 in
785 416 954 460 naturali
965 416 1128 460 veritate
1137 415 1373 461 continetur
1385 446 1397 467 ‚
1431 425 1478 457 ut
1489 428 1539 456 ex
1550 411 1616 470 illa
1639 426 1727 455 non
1739 408 1861 474 poffit
1872 413 1982 464 elici,
2009 412 2085 457 nifi
2097 429 2160 458 re-

544 482 745 527 velatione
756 479 958 526 mediante
970 514 983 534 ,
999 477 1042 524 id
1054 479 1186 542 ipsum
1200 494 1285 523 non
1300 478 1547 531 naturaliter,
1561 474 1626 521 sed
1637 476 1984 539 supernaturaliter
1997 478 2154 523 scimus.

545 549 626 592 Ex.
649 564 710 609 gr.
734 547 921 607 quamvis
943 561 993 590 ex
1015 560 1158 592 natura
1180 546 1347 590 sciamus
1367 560 1513 590 verum
1535 545 1680 588 Deum
1704 540 1961 590 adorandum
1982 540 2081 598 effe,
2116 549 2160 589 δε

544 612 619 657 sub
641 616 739 658 Deo
761 613 1016 661 contineatur
1036 611 1158 656 Filius
1168 615 1210 655 &
1223 614 1289 672 Sp.
1303 613 1341 655 S.
1369 608 1523 655 horum
1536 621 1672 653 tamen
1686 606 1970 662 adorationem
1983 625 2070 654 non
2083 608 2159 655 nisi

543 677 891 739 supernaturaliter
913 677 1056 722 scimus
1068 711 1079 728 ,
1108 678 1204 737 quia
1216 677 1420 722 minorem
1432 676 1544 720 illam
1568 689 1655 719 non
1668 672 1742 720 nisi
1754 674 1837 719 sola
1847 675 2089 721 revelatione
2100 688 2160 721 te-

538 757 703 789 nemus.

613 811 689 851 LX
697 812 776 855 IV.
799 811 951 868 Neque
962 805 1109 862 obstat,
1122 805 1427 852 conclusionem
1440 804 1584 852 debere
1596 805 1706 865 sequi
1718 818 1874 868 partem
1886 803 2126 852 debiliorem
2141 823 2153 858 3

547 886 672 933 atque
696 872 796 919 adeo
819 874 891 918 ubi
916 874 1034 918 altera
1047 869 1338 935 praemissarum
1351 890 1400 918 ex
1414 873 1493 917 sola
1508 885 1649 917 natura
1662 872 1874 917 innotescit
1887 905 1900 926 ‚
1925 874 2045 918 etiam
2059 889 2161 918 con-

546 937 772 983 clufionem
805 954 891 983 non
916 937 1112 996 majorem
1149 937 1434 984 certitudinem
1456 936 1601 983 habere
1623 933 1734 1000 posse
1757 953 1887 997 quam
1909 939 2159 983 naturalem:

548 1000 630 1050 hoc
654 1006 764 1049 enim
788 1006 951 1049 axioma
963 1019 1049 1048 non
1063 1002 1137 1048 nisi
1149 1002 1198 1048 de
1211 1002 1413 1049 debilitate
1424 1002 1714 1066 propositionis
1727 1003 1971 1064 particularis
1983 1008 2026 1048 &
2038 1020 2158 1067 nega-

547 1070 643 1114 tivae
655 1105 667 1120 ‚
697 1086 790 1130 quae
804 1070 875 1115 ubi
889 1067 946 1115 est
959 1070 1001 1113 in
1013 1066 1220 1132 praemissis
1233 1103 1245 1123 ‚
1258 1067 1564 1114 conclusionem
1577 1069 1649 1114 sese
1661 1067 1909 1113 nobiliorem
1922 1084 2056 1130 parere
2068 1085 2156 1114 non

547 1132 682 1196 potest
695 1169 708 1189 ,
730 1136 898 1197 intelligi
922 1132 1040 1179 debet
1061 1150 1072 1185 3
1100 1151 1187 1179 non
1210 1151 1308 1180 vero
1330 1132 1380 1180 ad
1403 1132 1687 1180 conditionem
1702 1135 1876 1180 materiae
1889 1136 2162 1181 &veritatum

548 1200 724 1262 ipsarum
737 1198 1020 1245 certitudinem
1036 1213 1105 1245 aut
1116 1198 1446 1246 incertitudinem
1458 1199 1620 1246 extendi
1632 1197 1777 1262 potest.

619 1268 655 1309 L
670 1267 709 1308 X
723 1270 780 1313 V.
816 1267 931 1310 Male
954 1281 1051 1327 ergo
1074 1264 1284 1315 Pontificii
1297 1300 1309 1320 ‚
1331 1265 1446 1324 jum
1458 1269 1627 1311 Scotum
1642 1301 1654 1316 ,
1671 1263 1930 1327 distinguunt
1941 1267 2046 1312 inter
2056 1282 2158 1318 con-

548 1328 1016 1394 clufionesfrheologicas
1038 1335 1081 1376 &
1106 1329 1201 1376 fidei
1213 1348 1225 1382 3
1253 1348 1431 1393 quarum
1455 1332 1537 1376 illas
1558 1329 1775 1385 deduetas,
1802 1329 1871 1376 has
1883 1328 2074 1394 expresias
2085 1349 2163 1377 vo-

549 1408 654 1441 cant.
691 1400 808 1442 Cum
832 1398 954 1442 etiam
978 1393 1076 1442 fidei
1098 1395 1147 1443 sit
1180 1398 1265 1443 illas
1287 1394 1564 1442 conclusiones
1588 1394 1783 1442 deducere
1806 1430 1820 1452 ,
1866 1413 1958 1458 quae
1995 1397 2162 1462 proprie

548 1459 789 1524 theologicae
812 1461 917 1507 sunt.
950 1464 1047 1508 Fide
1069 1469 1176 1507 enim
1188 1463 1484 1522 confideramm.
1512 1462 1644 1508 Hebr.
1662 1479 1726 1508 11:
1752 1478 1788 1523 3.

624 1528 657 1572 L
673 1529 812 1575 XVI.
847 1528 963 1572 Male
984 1528 1107 1573 etiarn
1129 1529 1279 1573 volunt
1304 1526 1494 1573 hodierni
1516 1525 1774 1574 methodistae
1787 1563 1799 1579 ,
1815 1543 1903 1573 non
1919 1529 2034 1575 licere
2045 1546 2166 1592 argu-

556 1594 727 1638 mentari
748 1610 798 1639 ex
809 1592 922 1638 sacris
935 1594 1074 1639 litteris
1086 1626 1098 1647 ‚
1134 1597 1177 1638 &
1200 1593 1504 1654 consequentias
1515 1609 1602 1638 non
1614 1588 1872 1639 esseverbum
1884 1596 1980 1640 Dei.
2003 1599 2164 1642 Contra

555 1659 790 1721 exemplum
804 1661 1036 1714 Servatoris,
1048 1656 1204 1704 Matth.
1222 1676 1243 1704 2
1251 1676 1289 1704 2.
1311 1662 1368 1705 Et
1380 1657 1493 1720 quasi
1507 1659 1754 1720 Deus,cujus
1765 1659 1938 1705 verbum
1949 1660 2007 1706 est
2018 1661 2168 1725 sapien-

548 1721 755 1770 ,tissimum
771 1759 782 1778 ,
807 1722 962 1785 aliquid
984 1725 1183 1779 revelans,
1207 1740 1295 1769 non
1319 1723 1441 1769 simul
1478 1724 1654 1771 etiamid
1677 1726 1892 1778 revelaret,
1917 1724 2000 1771 fine
2026 1744 2113 1788 quo
2123 1726 2167 1773 id

544 1790 565 1834 a*
568 1790 686 1851 psum
699 1787 773 1834 esse
786 1805 872 1835 non
884 1789 1016 1852 potest
1029 1825 1042 1845 ,
1077 1794 1120 1835 ὅ(
1132 1788 1251 1850 quod
1262 1792 1305 1835 in
1315 1788 1510 1853 potestate
1522 1791 1744 1836 verborum
1757 1789 1839 1849 ejus
1851 1789 1907 1837 est
1921 1825 1934 1846 ,
1964 1791 2167 1854 quodque

544 1870 598 1900 „ea
619 1855 772 1901 faciunt
795 1853 1026 1901 audientem
1049 1854 1268 1918 prudenter
1278 1858 1466 1918 cogitare.
1491 1860 1739 1902 Scrutamini
1751 1861 1976 1919 Scripturas
1989 1861 2052 1904 illae
2063 1866 2167 1903 enim

542 1920 645 1979 siant
658 1938 738 1983 qua:
752 1921 948 1981 testantur
959 1922 1006 1966 de
1018 1939 1092 1967 me.
1118 1920 1220 1984 Joh.
1241 1937 1278 1981 5:
1295 1939 1360 1983 39.
1387 1925 1538 1969 Omma
1561 1925 1762 1985 explorate
1784 1938 1796 1974 3
1826 1929 1874 1976 ὠ
1898 1923 2164 1985 quodbonnm

545 1988 692 2046 fuerit,
705 1994 881 2031 retinete.
911 2003 944 2031 1.
964 1983 1104 2032 Thess.
1123 2002 1159 2046 5:
1175 2004 1235 2033 21.
2070 1984 2075 1989 ’

624 2054 657 2095 L
672 2055 711 2096 X
724 2056 766 2098 V
778 2056 798 2096 I
811 2056 845 2097 I.
883 2053 998 2096 Male
1020 2066 1155 2097 autem
1169 2066 1313 2115 urgent
1326 2086 1338 2107 ,
1351 2051 1658 2103 conclusionem
1674 2070 1767 2114 quae
1780 2070 1829 2098 ex
1841 2055 2019 2100 revelatis
2031 2052 2169 2100 educi-

549 2131 624 2163 tur
636 2115 774 2163 medio
797 2117 1113 2163 ratiocinationis
1125 2122 1167 2163 δε
1180 2119 1497 2180 consequentiae,
1528 2134 1615 2164 non
1627 2117 1701 2164 effe
1713 2117 1809 2164 fidei
1825 2138 1834 2164 t
1860 2136 1956 2165 nam
1970 2118 2171 2181 quicquid

555 2199 606 2228 ex
627 2183 805 2228 revelatis
826 2184 901 2227 rite
924 2183 1186 2244 consequitur
1203 2218 1214 2238 ,
1229 2200 1315 2229 non
1329 2183 1403 2229 nisi
1416 2182 1502 2229 fide
1511 2198 1671 2230 tenetur
1683 2218 1695 2238 ‚
1720 2202 1817 2231 cum
1830 2184 1912 2231 fine
1924 2202 1966 2230 ea
1978 2187 2170 2231 revelatio

555 2263 644 2292 non
667 2247 866 2293 constaret
878 2264 889 2299 3
917 2251 1105 2308 quamvis
1127 2251 1294 2296 rationis
1316 2249 1366 2295 sit
1389 2249 1721 2310 consequentiam
1745 2253 1907 2298 metere
1921 2284 1935 2306 ,
1955 2265 2077 2313 atque
2099 2250 2172 2297 iste

553 2330 683 2359 nexus
694 2315 926 2359 naturaliter
937 2315 1223 2376 cognoscatur.

631 2383 665 2422 L
684 2381 717 2421 X
734 2383 776 2426 V
790 2383 810 2424 Ι
824 2384 844 2424 Ι
858 2383 890 2424 Ι.
929 2378 1144 2442 Distingui
1169 2397 1267 2443 ergo
1279 2379 1397 2426 debet
1412 2380 1509 2428 fidei
1520 2383 1766 2445 principium
1780 2383 1829 2427 ab
1840 2380 2117 2429 instrumentis
2128 2387 2172 2428 δε

557 2443 726 2498 mediis,
751 2445 901 2505 quibus
925 2447 1104 2491 veritates
1127 2444 1223 2491 fidei
1246 2464 1295 2491 ex
1318 2447 1391 2492 suo
1404 2449 1604 2510 principio
1627 2449 1853 2494 eliciuntur.
1888 2449 2171 2496 Ratiocinatio

559 2511 668 2554 enim
692 2544 704 2564 ‚
741 2509 812 2556 etsi
836 2509 997 2557 nonsit
1019 2513 1264 2575 principium
1287 2510 1383 2557 fidei
1407 2547 1419 2567 ‚
1467 2515 1508 2557 in
1532 2511 1651 2574 quod
1673 2515 1738 2559 illa
1760 2514 1997 2568 resolvitur,
2033 2527 2168 2559 tamen

559 2573 879 2622 instrumentum
903 2575 959 2621 est
972 2610 984 2630 ,
1009 2594 1079 2640 per
1091 2576 1210 2638 quod
1223 2576 1318 2623 fidei
1330 2577 1608 2624 conclusiones
1630 2596 1679 2624 ex
1691 2581 1891 2642 principio
1903 2581 1975 2624 suo
1990 2577 2172 2631 educun-

561 2654 628 2685 tur
652 2645 693 2686 &
718 2640 1002 2688 ostenduntur.
1039 2646 1130 2696 Nec
1154 2645 1436 2704 consequentia
1461 2679 1473 2699 ‚
1508 2661 1636 2706 quam
1649 2646 1874 2701 nestimus‚
1907 2645 2000 2691 facit
2011 2658 2057 2690 ut
2067 2661 2171 2697 eon-

2042 2709 2170 2759 clusio
