2261 2906
391 138 464 182 Dr„
499 138 837 184 PnovmfiN'rtA
874 139 971 183 Dm
1017 153 1067 184 m
1105 152 1280 185 SPECIE.
1573 156 1639 204 333

2126 144 2165 225 s

35 229 76 273 &
87 223 332 270 voluntarias
345 256 357 276 ‚
392 238 461 284 per
485 223 686 268 scientiam
701 222 813 267 suam
826 220 1028 275 mediam5
1067 224 1150 285 qua
1164 227 1279 270 Deus
1290 223 1567 272 antecedenter
1590 223 1643 269 ad
1676 234 1746 324 θ
1754 186 1822 313 f
1838 228 1885 273 ,Α
1895 216 1992 274 J.·.(.
2005 231 2126 268 μω.
2138 205 2229 279 ²352?
2245 232 2247 237 ’

35 290 236 339 decretum
249 288 368 334 suum
383 304 462 349 prae
469 287 613 341 videat,
628 286 732 348 quid
744 303 934 334 creaturae
947 290 1157 334 rationales
1167 325 1180 340 ‚
1196 291 1237 334 in
1250 290 1395 336 talibus
1417 293 1477 336 vel
1490 292 1639 337 talibus
1680 289 1685 294 ¹
2188 277 2193 294 ἲ

36 354 335 404 circumstantiis
349 351 488 416 positae
502 389 514 404 ,
552 355 701 399 actura:
717 352 880 399 fuerint.
915 355 1029 399 Hinc
1040 356 1151 400 enim
1163 353 1247 413 jam
1271 353 1470 403 necessitas
1482 359 1614 403 oritur
1625 391 1639 412 ‚

36 438 124 484 quae
140 437 224 466 non
238 434 433 466 creaturas
446 418 581 464 solum
595 453 607 472 ‚
644 435 788 465 verum
801 421 925 465 etiam
938 418 1069 480 ipsum
1082 423 1225 466 Deum
1239 419 1502 485 constringit3
1542 439 1640 468 cum

34 486 237 534 decretum
262 488 343 532 Dei
367 486 575 548 alligatum
610 483 659 530 fit
682 483 804 547 ipsius
827 485 994 530 scientiae
1010 519 1023 539 ‚
1058 485 1214 532 scientia
1241 503 1376 534 autem
1399 488 1517 534 rebus
1532 487 1641 550 ipsis,

36 569 125 614 quae
138 552 188 597 ab
199 565 350 597 aeterno
362 565 453 596 ante
466 548 677 596 decretum
702 567 828 595 omne
841 552 924 596 Dei
938 552 1147 597 veritatem
1159 551 1272 597 suam
1296 550 1526 599 habuerunt
1538 588 1551 608 ‚
1586 556 1643 600 ita

37 617 173 677 utjam
185 616 348 663 decreto
361 632 465 679 opus
477 632 564 661 non
579 615 642 661 fit.

97 686 295 730 XXXIII.
334 688 511 743 Qanto
525 683 671 726 re'c‘tius
684 697 758 726 nos
770 697 942 727 omnem
953 682 1065 727 illam
1078 679 1347 729 necessitatem
1371 684 1392 728 ὲ
1408 684 1489 730 Dei
1503 681 1637 729 decre·

37 763 82 797 to
93 746 329 795 deducimus
341 783 353 802 ‚
388 750 410 792 a
424 764 512 808 quo
528 749 663 792 omnis
676 746 894 793 substantia
928 752 969 792 δε
984 749 1125 793 veritas
1137 782 1150 802 ‚
1186 746 1293 793 ordo
1307 766 1349 794 ac
1362 750 1425 794 lex
1436 750 1640 812 originem
2251 764 2260 816 q

36 815 144 862 suam
157 813 304 860 habent
319 833 328 859 ε
344 831 478 874 neque
490 811 585 858 hinc
597 811 784 860 officium
800 811 990 858 nostrum
1003 811 1233 859 excluditur
1246 848 1258 867 ‚
1281 815 1346 860 vel
1360 816 1577 860 voluntatis
1590 817 1638 861 li-
2252 809 2254 814 ¹

37 881 159 927 bertas
169 878 353 932 laeditur3
380 896 478 925 cum
490 879 556 924 illa
568 876 759 925 ordinem
772 878 892 925 suum
905 876 1077 924 habeant
1089 880 1131 924 in
1145 878 1270 925 caufis
1294 897 1338 925 ac
1351 880 1492 926 mediis
1504 881 1524 925 a
1538 884 1637 927 Deo
2256 919 2259 933 4

38 945 156 993 simul
166 944 386 992 destinatis.
2253 953 2259 994 ,³

100 1015 295 1059 XXXIV.
335 1009 481 1071 Major
503 1023 640 1057 autem
654 1010 696 1055 in
720 1008 955 1073 explicanda
967 1007 1223 1072 providentia
1236 1011 1317 1056 Dei
1330 1009 1450 1058 restat
1462 1008 1640 1058 difficul-
1663 1011 1857 1048 Providen-
2254 998 2259 1018 Ἀ

38 1092 92 1127 tas
101 1080 200 1124 circa
211 1094 270 1123 res
281 1078 529 1124 voluntarias
553 1081 595 1122 &
608 1078 781 1122 morales
792 1093 804 1128 3
841 1092 940 1122 cum
962 1077 1039 1122 illae
1052 1092 1139 1120 non
1151 1076 1286 1121 solum
1310 1074 1388 1122 fint
1400 1079 1640 1140 contingen-
1659 1070 1709 1103 ’θ’
1717 1069 1780 1129 Ψ
1791 1068 1859 1103 εἷ’·

36 1158 112 1196 tes,
151 1158 198 1190 ut
209 1160 267 1189 res
278 1142 471 1204 quaedam
484 1143 682 1189 naturales
699 1176 711 1197 ‚
745 1158 894 1188 verum
906 1143 1030 1187 etiarn
1041 1142 1176 1187 liberae
1194 1176 1208 1196 ‚
1243 1157 1421 1203 quaeque
1442 1141 1537 1189 ideo
1562 1145 1641 1189 mi·
1660 1124 1850 1213 sslaffg'jm

37 1225 110 1256 nus
119 1226 214 1256 cum
226 1207 485 1271 providentia
496 1211 580 1255 Dei
592 1206 785 1254 videntur
797 1205 1013 1253 consistere
1036 1204 1160 1269 posse.
1194 1205 1557 1254 Confiderabimus
1569 1226 1640 1255 au·
1661 1242 1689 1266 R
1697 1241 1753 1266 AS,

39 1290 118 1322 tem
135 1293 170 1322 1.
184 1273 248 1321 hic
258 1276 300 1320 in
314 1291 456 1337 genere
468 1273 769 1337 providentiam
785 1275 866 1319 Dei
881 1275 980 1318 circa
994 1273 1171 1318 acliones
1185 1273 1324 1319 liberas
1336 1307 1348 1326 ,
1383 1277 1426 1318 δε
1439 1274 1639 1334 quemad-

41 1340 211 1387 modum
226 1339 317 1386 inde
329 1342 487 1386 libertas
499 1357 585 1385 non
598 1339 781 1387 laedatur.
819 1356 857 1384 2.
871 1337 1015 1384 deinde
1028 1340 1069 1383 in
1083 1339 1205 1402 specie
1218 1373 1231 1394 ‚
1245 1340 1374 1401 qualis
1384 1341 1450 1385 illa
1462 1338 1512 1386 fit
1535 1343 1637 1385 circa

39 1408 210 1453 aefiones
221 1406 362 1460 bonas,
375 1412 416 1452 &
432 1409 566 1452 malas.

100 1476 274 1519 XXXV.
309 1474 442 1519 Aliter
454 1473 654 1517 nimirum
668 1472 690 1516 ὲ
702 1475 799 1517 Deo
813 1468 1039 1532 dependent
1051 1487 1109 1516 res
1121 1468 1297 1533 phyficae
1312 1503 1324 1522 ,
1338 1471 1448 1515 aliter
1459 1471 1638 1515 aetion&

40 1539 166 1586 liberae
183 1558 192 1584 :
207 1555 266 1584 res
277 1541 385 1584 enim
400 1536 577 1601 physicae
590 1554 676 1582 non
689 1551 852 1582 tantum
865 1535 979 1580 certc)
992 1536 1202 1590 eveniunt,
1215 1552 1358 1580 verum
1373 1537 1490 1581 etiam
1506 1537 1637 1580 neces-

40 1603 153 1659 sarie,
166 1606 343 1650 achones
356 1618 491 1649 autem
506 1605 677 1649 morales
690 1601 811 1648 simul
822 1601 935 1646 cert&
949 1601 1126 1647 &libere
1140 1599 1248 1646 fiunt
1264 1620 1273 1645 :
1289 1606 1331 1646 &
1344 1600 1448 1646 ficut
1458 1602 1534 1646 illae
1549 1616 1636 1644 non

41 1669 104 1715 sua
115 1673 252 1733 sponte
264 1704 277 1724 ,
303 1668 369 1716 sed
380 1669 535 1733 semper
546 1669 673 1716 aliena
682 1670 724 1714 vi
737 1683 990 1727 externoque
1001 1667 1208 1713 causarum
1220 1667 1465 1712 naturalium
1477 1667 1637 1728 impetu

42 1735 321 1798 producuntur
333 1770 346 1790 ‚
381 1738 434 1781 ita
447 1736 669 1781 voluntatis
681 1735 933 1796 operationes
945 1733 993 1778 ab
1005 1732 1084 1796 ipsa:
1104 1734 1315 1778 voluntate
1326 1765 1341 1786 ,
1375 1735 1574 1792 tanquam
1612 1733 1635 1775 εὶ

43 1803 234 1865 principio
246 1804 423 1855 interno,
435 1801 560 1847 libere
573 1803 779 1846 oriuntur.

102 1871 297 1916 XXXVI.
332 1868 532 1913 Actiones
554 1881 690 1915 autem
714 1865 958 1910 voluntarias
981 1861 1250 1908 nihilominus
1262 1866 1359 1908 Deo
1373 1857 1520 1907 subesse
1533 1896 1545 1915 ‚
1585 1877 1635 1905 ex
1693 1864 1847 1901 Aft'iones

41 1933 253 1980 innumeris
263 1935 476 1996 Scripturae
488 1934 586 1979 locis
610 1945 770 1994 apparet
784 1966 796 1985 ‚
833 1931 904 1976 ubi
916 1927 1039 1974 corda
1053 1945 1096 1973 ac
1120 1930 1346 1974 voluntates
1358 1926 1578 1973 hominum
1593 1929 1635 1971 in
1655 1918 1850 1955 voluntari-

44 2000 228 2061 potestate
240 2002 320 2046 Dei
333 2013 561 2062 ponuntur.
597 2002 783 2044 Hominis
785 1995 887 2054 stant
899 1993 1156 2058 dispqsitiones
1170 1994 1294 2040 cordis
1306 2028 1317 2047 ‚
1342 1993 1414 2050 sed
1424 1991 1448 2037 d
1463 1998 1633 2038 Domino
1654 1970 1853 2078 eaffnezfiebt-

41 2074 301 2128 pronunciatio
315 2069 465 2130 linguae.
498 2069 622 2110 Prov.
644 2081 660 2109 1
669 2070 710 2109 6:
732 2080 747 2108 1
756 2096 767 2108 .
802 2062 952 2106 Multae
963 2066 1210 2123 cogitationes
1223 2058 1313 2104 sunt
1337 2067 1376 2103 t‘n
1389 2059 1499 2103 corde
1525 2065 1629 2110 viri,
1657 2044 1838 2129 sjipmm·

34 2131 102 2189 fid
110 2134 302 2186 confilium
314 2137 483 2178 Domini
492 2132 562 2177 hoc
561 2129 702 2190 stabit.
718 2145 750 2174 c.
767 2145 829 2185 19:
847 2144 868 2172 2.
879 2144 894 2171 1
903 2161 913 2171 .
949 2130 1045 2172 Rivi
1056 2143 1261 2187 aquarum
1273 2141 1337 2170 cor
1348 2132 1444 2186 regis
1455 2131 1494 2167 in
1507 2141 1635 2167 manu

47 2201 250 2244 Domini.c.
260 2216 281 2244 2
292 2213 351 2244 121
361 2200 444 2244 .Ut
458 2213 563 2257 aque
574 2197 688 2242 elices
700 2192 1015 2252 ducuntur,quo
1029 2192 1157 2244 vis‚ita
1172 2207 1243 2235 cor
1254 2206 1398 2251 regum
1413 2191 1636 2234 aDeoLx-

49 2265 221 2326 emplum
234 2261 356 2322 hujus
364 2262 423 2309 est
435 2265 477 2308 in
490 2263 639 2316 Have,
655 2262 828 2320 Gen.33:
849 2275 914 2317 14.
929 2257 1159 2319 JEgypdss,
1171 2253 1311 2303 Exod.
1322 2273 1338 2300 1
1353 2273 1384 2299 1:
1406 2271 1523 2315 1,2,3.
1539 2252 1636 2297 hinc

43 2328 214 2392 Jacobus
223 2330 363 2375 orabat
375 2330 618 2376 Dominum
633 2341 678 2371 ut
692 2324 766 2370 filii
778 2323 860 2382 ejus
874 2321 1186 2367 misericordiam
1209 2319 1550 2381 consequerentur
1564 2335 1636 2363 co-

48 2411 129 2441 ram
151 2397 331 2459 AEgypti
353 2393 517 2457 praeside
535 2390 731 2458 Josepho.
781 2391 891 2436 Gen.
908 2405 974 2449 43:
1008 2404 1074 2448 14.
1108 2391 1150 2433 &
1164 2385 1384 2432 Nehernias
1396 2421 1408 2436 ‚
1439 2398 1484 2429 ut
1497 2400 1637 2429 coram

50 2461 162 2524 Rege
173 2465 396 2507 Artaxerxe
411 2459 521 2506 idern
535 2461 568 2504 ei
582 2459 772 2511 eveniret,
787 2455 952 2518 supplex
965 2456 1077 2516 petit,
1092 2468 1173 2515 cap.
1186 2469 1266 2497 1:11
1276 2487 1286 2496 .
1300 2454 1414 2496 Tunc
1437 2458 1540 2495 dixit
1552 2450 1637 2510 Je-

51 2525 148 2571 hova
160 2529 210 2572 illi
223 2560 236 2581 ‚
260 2534 348 2590 quis
346 2528 497 2587 statuit
510 2544 549 2570 os
562 2524 711 2569 homini
726 2525 740 2568 ξ
766 2539 839 2567 aut
854 2527 940 2584 quis
943 2519 1123 2579 statuere
1132 2517 1254 2581 potest
1265 2532 1428 2562 mutum
1452 2532 1527 2560 aut
1541 2515 1639 2572 star·-

51 2591 155 2648 dnm,
165 2608 381 2640 cernentem
392 2607 467 2638 aut
484 2609 634 2638 coecum
647 2591 661 2636 Ξ
676 2606 802 2635 nonne
816 2605 880 2653 ego
894 2585 1060 2648 Jehoz·a
1077 2586 1090 2630 ².
1108 2581 1245 2635 Exod,
1260 2598 1304 2643 4:
1325 2600 1341 2627 1
1355 2599 1388 2627 1.
1471 2647 1477 2651 ἢ

888 2654 931 2697 T
944 2666 961 2697 t
1002 2667 1019 2713 ς
1403 2648 1476 2690 xa
1492 2646 1643 2692 xvxi.
