2116 2901
133 146 185 200 Ο
215 157 458 217 quantum
474 145 755 216 ingenium,
775 151 1024 212 quantum
1044 142 1263 194 rationis
1280 155 1511 207 acumen,

215 223 276 270 Et
294 223 388 286 maj
399 216 604 270 estatem
623 210 779 267 docta
791 212 976 267 tabella
989 211 1168 267 refert!

137 292 374 364 Qaeque
387 290 551 363 polita
565 292 757 363 magis?
784 303 894 359 quae
912 287 1070 352 cultu,
1100 303 1254 359 atque
1271 289 1455 344 ordine
1463 291 1690 367 praestat?
1734 335 1736 337 »

215 362 492 419 Demo'rsos
510 379 702 437 ungues
720 378 831 434 quae
850 365 1008 435 magis
1026 361 1127 415 ulla
1141 361 1305 436 sapit?

139 440 358 496 Scilicet
373 437 572 492 excelso
586 434 778 490 dudum
794 439 994 489 vicinus
1009 435 1252 509 Olympo
1271 480 1284 502 ‚

213 516 430 586 pertigit
444 512 506 565 ad
523 514 692 585 magni
714 509 925 582 mystica
942 505 968 560 s
965 526 1077 561 acra
1092 512 1206 563 Dei.

137 592 201 643 Et
219 605 340 640 mox
359 590 614 646 concivis,
630 581 805 640 laudes
822 582 880 636 ad
900 583 1161 644 NuminiS‚
1179 584 1322 638 audit

210 660 420 714 Infanda
437 659 714 732 Angelicis
729 657 879 712 verba
896 657 1074 710 sonare
1089 658 1279 712 chotiS.

137 735 304 807 Qeis
317 733 590 793 delibutu8‚
610 732 901 804 mirfimque
913 731 1145 784 excultus
1162 735 1214 785 in
1231 733 1407 789 orbem

208 810 396 869 Fertur,
415 814 464 862 ὅ(
482 806 543 860 ad
563 823 725 860 caecos
742 810 966 858 mittitur
986 807 1108 858 inde
1125 824 1315 881 greges,

137 885 279 939 Hinc
299 882 433 935 sacra
452 879 681 935 indostis
698 891 819 947 (ceu
837 878 995 951 pleno
1011 881 1183 952 Copia
1202 900 1362 935 cornu
1379 889 1406 945 )

215 955 516 1011 Christiadis
529 955 671 1029 largo
687 953 895 1007 flumine
913 952 1098 1006 cundia
1112 952 1294 1011 fluunt.

137 1034 339 1104 Cuique
357 1046 495 1103 patet
514 1027 722 1090 Christi,
750 1028 915 1081 Pubes
933 1026 1156 1088 cordata,
1180 1029 1417 1101 Lycaeum

210 1102 432 1160 Νείὶειτει
446 1110 495 1158 &
511 1101 816 1157 Ambtofias
832 1100 966 1154 illius
988 1119 1075 1154 ore
1092 1106 1238 1174 rapit.

134 1180 308 1238 Maece
335 1177 440 1231 esto
458 1183 644 1232 virtute
662 1178 761 1235 tufa,
786 1175 1228 1229 VENERANDE
1255 1177 1647 1236 SACERDOS
1666 1222 1680 1244 2

212 1262 273 1309 Et
289 1269 467 1327 pergas
483 1253 698 1308 Domini
711 1247 836 1319 jussa
855 1247 1034 1301 referre
1052 1253 1142 1311 tui,

136 1332 305 1406 Mysta
332 1330 430 1382 Dei
459 1326 610 1378 nobis
628 1367 639 1386 ‚
677 1321 1099 1396 dispensatorque
1119 1347 1133 1378 a
1163 1323 1327 1378 beatis

210 1407 289 1459 Te
329 1401 711 1457 PROMUM
748 1399 861 1451 CO
882 1399 995 1450 ND
1017 1401 1138 1452 UM
1177 1404 1679 1462 cernar&imadie3.

727 1571 1140 1633 JOHANNES
1185 1572 1751 1632 TEEKMANNUS,

1049 1705 1192 1749 V.D.
1232 1709 1308 1750 M.

1693 2270 1753 2330 Ita
