2116 2901
300 121 376 167 DE
410 121 451 167 S.
479 122 518 167 S.
554 119 851 169 TRINITATIS
883 122 1338 173 DEMoNsTRAnoNa.
1578 123 1659 190 187

32 211 81 261 ¹ne
91 211 178 272 quis
192 208 296 258 forte
308 209 365 254 ibi
377 210 539 272 angelos
550 211 613 255 vel
626 211 724 257 alios
736 209 850 258 testes
858 226 1017 258 >creatos
1028 213 1237 275 intelligat,
1265 212 1339 272 qui
1353 209 1523 272 quidem
1538 213 1661 259 innu-

25 277 233 324 merabiles
255 273 415 330 forent,
442 279 485 320 &
509 292 697 336 quorum
721 275 1008 324 testimonium
1031 279 1074 323 in
1097 295 1140 323 re
1163 291 1274 324 tanta
1299 278 1420 324 etiam
1437 280 1558 340 accipi
1571 295 1658 324 non

30 338 164 407 possen
179 358 275 388 cum
287 338 354 386 hic
365 339 416 386 de
428 339 671 387 testimonio
679 341 876 401 mffinibili
889 347 932 389 ὃ(
943 341 1104 390 divino:
1119 347 1158 390 Si
1174 345 1437 404 testimonium
1450 344 1659 391 hominum

23 415 260 471 accipimus,
289 407 554 466 testimonium
576 413 658 454 Dei
679 412 815 470 majus
827 410 891 470 est.
909 426 947 455 v.
965 427 1006 467 9.
1031 423 1182 472 agatur.
1218 414 1364 471 Atque
1377 406 1419 454 hi
1431 423 1508 454 tres
1525 427 1659 457 unum

4 476 6 479 ’
31 469 102 520 effe
111 470 440 533 dicunturzquod
452 489 503 519 nc
518 473 689 534 quidem
701 473 751 519 de
762 472 969 521 neccssaria
980 475 1204 521 testimonii
1217 479 1259 520 ὃ(
1272 475 1481 522 consensus
1506 478 1660 523 unitate

29 539 192 602 ‘intelligi
204 537 336 601 potest
349 573 362 593 ‚
387 536 461 583 nisi
476 541 675 602 pariter&
689 537 858 603 essentiae
883 543 988 588 inter
999 540 1115 588 testes
1126 540 1223 587 istos
1235 539 1419 587 identitas
1431 555 1553 601 atque
1568 544 1658 587 uni-

31 619 87 651 tas
99 607 324 669 reperiatur.
362 604 581 666 Qicq-uid
594 608 704 651 enim
716 605 773 652 est
787 623 873 652 non
889 610 1005 652 Deus
1019 640 1031 661 ‚
1056 624 1153 652 cum
1166 608 1360 654 mutabile
1374 621 1497 667 atque
1511 607 1656 653 fallibi-

18 703 21 710 ·
35 672 70 716 le
90 669 136 725 fit
149 705 162 726 ,
185 687 228 716 ac
240 669 409 717 deficere
424 684 547 732 atque
559 670 669 717 aliud
682 673 782 718 velle
792 669 918 735 poffit
929 706 943 728 ‚
968 672 1053 733 ejus
1065 671 1353 719 testimonium
1366 671 1557 719 divinum
1571 708 1584 728 ‚
1612 691 1655 719 ac

35 753 127 783 cum
139 741 234 784 Deo
250 753 383 782 unum
396 735 475 781 dici
487 753 574 782 non
587 736 735 799 potest.

18 809 19 812 ’
97 805 254 850 XXIV.
293 807 445 863 Neque
469 802 604 849 obstat
617 838 629 858 ‚
654 803 774 865 quod
798 806 911 850 locus
933 803 1000 850 hic
1023 806 1065 850 in
1091 801 1337 866 quibusdam
1350 802 1557 850 codicibus
1570 821 1654 849 non

16 885 17 888 ’
35 867 155 915 exstet
166 903 179 924 ,
192 871 252 914 uti
266 885 337 914 nec
350 867 458 932 apud
471 872 626 933 Syrum
638 884 761 931 atque
774 871 958 916 Arabem
974 875 1210 933 interpretes
1224 905 1236 924 ‚
1275 883 1398 929 atque
1409 871 1450 914 in
1464 872 1545 916 aliis
1558 888 1657 933 pau-

36 936 120 981 lum
134 937 372 981 immutatus
384 936 652 998 legaturtcum
666 937 707 980 in
721 936 1066 999 plerisque,1isque
1077 934 1364 999 probatissimis
1376 934 1584 982 codicibus
1595 954 1657 982 re-

34 1003 219 1066 periatur,
227 1018 270 1046 ac
281 1000 362 1058 jam
376 1003 600 1061 antiquitus
611 1003 633 1046 ὲ
645 1003 864 1065 Cypriano
879 1002 1043 1063 aliisque
1056 1005 1240 1048 anteArii
1252 1015 1440 1064 tempora
1453 1002 1579 1048 leffiffls
1593 1003 1657 1057 fit,

39 1082 155 1130 atque
178 1066 408 1129 Apostolici
432 1069 624 1113 sermonis
659 1064 793 1114 nexus*
809 1082 932 1129 atque
956 1067 1078 1113 filum
1106 1066 1321 1114 manifesto
1344 1084 1439 1112 eum
1466 1067 1658 1128 postulet.

10 1183 13 1187 ,
39 1133 166 1181 Unde
193 1149 268 1179 nec
281 1135 574 1180 Antitrinitarii
587 1168 600 1188 ‚
626 1136 668 1179 in
681 1134 864 1180 versione
876 1135 944 1179 suci
957 1135 1206 1181 Germanici
1231 1132 1478 1181 Racovienli
1492 1168 1504 1188 ‚
1528 1138 1585 1180 A.
1602 1138 1658 1181 C.

41 1207 146 1262 1630.
161 1216 256 1245 eum
269 1216 498 1262 expungere
509 1198 593 1245 ausi
606 1200 731 1252 fuere3
748 1203 821 1262 qui
834 1202 1011 1247 veritatis
1024 1199 1197 1260 quidam
1212 1197 1449 1262 triumphus
1462 1198 1532 1245 est.
1547 1203 1660 1245 Cor-

9 1274 11 1284 ¹
37 1280 176 1329 ruptus
198 1281 333 1314 autem
346 1270 388 1311 &
400 1264 593 1312 indubius
605 1268 647 1311 in
662 1265 909 1327 quibusdam
923 1264 1131 1312 codicibus
1142 1263 1408 1319 videtur,non
1421 1263 1596 1326 quidem
1610 1266 1660 1310 ab

8 1376 10 1378 .
39 1333 219 1384 Arianis3
248 1348 380 1393 neque
403 1333 513 1377 enim
537 1331 694 1379 codices
717 1331 902 1379 Ecclefiae
928 1346 1051 1392 atque
1063 1327 1404 1377 orthodoxorum
1418 1332 1460 1376 in
1475 1331 1659 1393 ipsorum

41 1396 233 1463 potestate
259 1412 369 1444 erant
382 1432 393 1451 ‚
421 1399 464 1442 in
488 1415 674 1459 quorum
699 1400 907 1444 nonnullis
931 1411 1068 1443 tamen
1090 1397 1175 1456 jam
1189 1399 1261 1442 illo
1274 1412 1460 1460 tempore
1470 1398 1582 1442 locus
1594 1395 1661 1442 hic

6 1478 8 1483 '
42 1467 105 1512 vel
117 1467 273 1527 prorsus
285 1462 582 1511 desiderabatur
595 1499 607 1519 ,
632 1467 697 1510 vel
708 1465 876 1511 vitiosus
887 1464 1047 1510 extabat
1060 1499 1071 1514 ,
1100 1477 1146 1508 ut
1160 1465 1201 1508 in
1213 1463 1352 1509 codice
1376 1461 1589 1508 Athanasii
1602 1476 1662 1507 at-

6 1554 7 1559 *
44 1547 123 1594 que
134 1532 306 1578 aliorum
318 1548 330 1583 3
347 1547 479 1592 neque
491 1531 541 1576 ab
552 1529 800 1576 orthodoxis
812 1529 892 1576 hoc
902 1528 994 1593 ipsis
1005 1528 1073 1587 obj
1079 1531 1217 1575 ec‘turn
1229 1531 1400 1592 legimus
1415 1548 1424 1573 ε
1449 1527 1513 1573 sed
1526 1530 1663 1590 potius

45 1597 94 1642 ab
105 1599 366 1644 anterioribus
378 1596 571 1644 haereticis
583 1631 595 1651 ‚
610 1598 747 1658 quales
758 1596 872 1642 fuere
883 1599 919 1641 A
928 1611 1107 1650 nemon,
1118 1593 1371 1641 Theodorus
1383 1594 1661 1648 coriarius,eo-

42 1678 219 1723 rumque
231 1662 424 1726 discipuli,
437 1665 511 1724 qui
524 1664 596 1709 sub
608 1660 858 1708 Commodo
873 1696 886 1717 ,
911 1663 1115 1708 Pertinace
1139 1666 1180 1707 ὃ(
1194 1664 1341 1707 Severo
1353 1660 1664 1724 imperatoribus

44 1727 115 1774 sese
126 1731 341 1792 Scripturas
353 1745 551 1792 corrigere
562 1729 854 1791 gloriabantur.

107 1795 245 1843 XXV.
280 1797 468 1841 Similiter
481 1795 887 1857 trium-personarum
899 1791 1089 1840 distinela
1101 1795 1260 1840 mentio
1273 1794 1513 1848 occurrit‚&
1522 1793 1662 1838 nomi·
1691 1803 1827 1852 aliusque

0 1870 2 1879 '
44 1872 206 1907 netenus
229 1862 304 1907 illae
327 1863 627 1924 exprimuntur.
663 1865 722 1906 Et
744 1879 809 1924 ego
834 1859 975 1925 rogabo
989 1865 1169 1913 Putrem,
1202 1867 1250 1914 ὠ
1262 1861 1393 1905 ulium
1406 1862 1663 1906 Paracletum
1686 1858 1767 1896 2061'5·

38 1924 155 1971 «labit
165 1926 286 1973 vobis.
313 1920 415 1990 Joh.
435 1944 500 1989 14.-
522 1934 586 1974 16.
625 1930 772 1992 Qum
784 1941 922 1971 autem
934 1934 1091 1971 venerit
1103 1928 1334 1972 Paracletus
1345 1928 1405 1971 ille
1430 1961 1442 1981 ‚
1467 1943 1586 1989 quem
1598 1942 1665 1989 ego

43 1997 202 2037 mittam
214 1992 323 2039 vobis
335 2011 361 2038 a
374 1999 497 2039 Putre
512 2028 524 2048 ,
537 1998 709 2057 Spiritus
726 1999 927 2046 veritatis,
953 1999 1026 2054 qui
1037 1992 1062 2036 u
1075 1997 1198 2039 Patre
1211 2000 1309 2046 exit,
1323 1994 1382 2037 ille
1396 1991 1605 2053 testabitur
1616 1993 1664 2036 de

48 2073 122 2102 me.
148 2056 249 2122 Joh.
268 2075 331 2120 15:
348 2067 416 2105 26.
452 2063 587 2105 Nemo
616 2067 658 2105 in
682 2064 833 2122 Spiritu
857 2062 938 2106 Dei
950 2061 1133 2121 loquens,
1158 2058 1251 2104 dicit
1264 2057 1415 2120 Jefitm
1429 2056 1661 2111 anathema,

48 2127 95 2176 (ξ’
106 2140 215 2168 nemo
221 2125 342 2188 potest
353 2127 475 2171 dicere
486 2123 639 2189 Jesum
649 2129 878 2172 Dominum
890 2158 903 2179 ‚
939 2131 979 2168 ni
993 2143 1005 2169 ι
1018 2143 1059 2170 ιη
1071 2129 1222 2188 Spiritu
1235 2125 1390 2169 Saneio.
1434 2142 1466 2169 1.
1483 2127 1587 2168 Cor.
1596 2140 1612 2169 1
1622 2139 1661 2167 2:

50 2202 84 2247 3.
108 2192 248 2235 Gratia
259 2195 425 2237 Domini
437 2190 544 2253 Jesu
560 2190 703 2251 Christi
714 2224 727 2245 ‚
746 2196 794 2243 ὠ
808 2208 922 2237 amor
933 2195 1038 2245 Dei,
1055 2196 1102 2244 ὠ
1114 2197 1336 2236 communio
1344 2194 1512 2253 Spiritus
1524 2190 1661 2234 Sane&

30 2254 93 2311 fit
112 2271 201 2300 cum
225 2256 399 2302 omnibus
423 2256 558 2311 vobis,
596 2273 634 2302 2.
653 2260 745 2303 Cor.
763 2271 823 2317 13:
843 2273 903 2317 13.
940 2259 1057 2320 Qiu
1068 2274 1162 2302 vero
1179 2256 1263 2316 istis
1275 2258 1392 2310 Filii,
1414 2257 1538 2309 emzstt
1549 2259 1661 2300 Dem

47 2322 237 2380 Spiritum
258 2325 348 2367 Filii
359 2322 428 2381 sui
450 2330 491 2367 in
505 2325 623 2368 corda
647 2322 778 2382 nostru
792 2355 805 2376 ‚
827 2329 898 2385 qui
911 2324 1087 2377 clamat,
1117 2321 1410 2376 Abbu,Puter.
1446 2321 1599 2380 Gal.4.·
1619 2326 1660 2365 6.

49 2387 127 2430 Per
148 2386 271 2449 ipfhm
286 2386 705 2452 (ChristumJesum)
721 2386 916 2434 habemus
927 2395 1090 2450 utrique
1102 2387 1289 2449 acceffum
1302 2395 1342 2432 iu
1356 2405 1434 2432 uno
1448 2390 1597 2449 Spiritu
1611 2386 1667 2430 cul

48 2452 224 2505 Patrem.
257 2451 364 2516 Eph.
393 2471 433 2499 2:
464 2455 530 2502 18.
564 2456 693 2501 Fleuo
707 2471 844 2517 genua
869 2471 958 2499 mea
982 2455 1038 2499 ud
1058 2459 1224 2499 Patrem
1248 2458 1414 2499 Domini
1437 2452 1553 2512 nostri
1575 2451 1664 2506 Iesu

54 2512 215 2573 Christi,
246 2534 294 2565 ut
313 2520 379 2565 det
401 2519 512 2567 vobu
531 2529 712 2585 potentia
724 2519 967 2566 corroborari
973 2536 1044 2582 per
1055 2525 1248 2583 Spiritum
1256 2519 1376 2577 [uum
1389 2525 1429 2563 in
1441 2524 1667 2562 interiorem

38 2578 256 2635 hominem.
290 2583 397 2648 Eph.
418 2603 453 2649 3:
473 2603 541 2647 14,
556 2593 616 2636 16.
657 2587 806 2638 Eleeiis
818 2584 1044 2647 ficundum
1062 2591 1380 2649 praeagnitionem
1403 2588 1483 2632 Dei·
1515 2584 1665 2634 Patris,

909 2654 951 2698 A
966 2667 988 2698 a
1020 2666 1046 2696 2.
1625 2655 1666 2692 m
