2116 2901
362 134 457 177 DE
516 135 1427 184 OMNIPRAESENT1.A.DEI.
1631 154 1710 198 149

156 221 232 264 IV.
268 218 611 280 Omnipraesentia
633 235 731 282 ergo
755 235 851 264 cum
865 221 1024 266 relativa
1039 220 1101 275 sit,
1126 221 1290 284 proprie
1303 237 1361 267 res
1373 234 1517 267 creatas
1528 221 1706 282 respici&

26 317 29 323 -
91 280 272 344 adeoque
308 296 398 328 ante
433 300 493 329 eas
529 282 712 329 conditas
744 288 859 330 Deus
896 286 998 330 nulli
1037 287 1092 332 rei
1116 285 1283 349 proprie
1307 287 1473 349 praesens
1484 320 1497 341 ,
1520 285 1707 347 adeoque

91 364 161 394 nec
173 349 316 392 alicubi
339 348 428 394 fuit.

153 418 210 460 V.
244 416 333 458 Nec
345 412 461 471 juvat
465 417 593 477 spatia
606 415 785 476 quaedam
798 422 1037 478 imaginaria
1049 431 1140 463 ante
1151 415 1359 463 mundum
1373 415 1590 462 conditum
1606 431 1706 462 con-
1726 416 1806 473 Qie
1827 432 1893 457 nm

88 479 237 540 cipere,
264 480 304 523 in
319 480 469 538 quibus
483 483 596 525 Deus
607 479 719 540 quafi
734 482 923 526 extiterit.
960 484 1073 526 Nam
1104 500 1138 528 1.
1158 499 1254 527 cum
1269 497 1359 528 ante
1381 481 1591 527 mundum
1604 479 1706 526 nihil
1727 475 1912 524 ΜΜῖΡὶθΒῖ

87 543 205 589 fuerit
228 557 371 607 praeter
384 548 539 595 Deum,
570 547 690 590 etiam
704 544 806 590 nihil
819 560 909 590 ante
922 544 1128 592 mundum
1144 546 1459 609 concipiendum
1472 546 1553 598 est,
1584 545 1704 592 adeo·
1725 533 1773 570 da
1795 537 1871 618 ’.ἵζ’

87 625 166 668 que
188 625 258 654 nec
282 609 454 670 spatium
478 612 780 671 imaginarium.
818 628 855 656 z.
881 611 1002 673 spatia
1027 613 1091 656 illa
1115 613 1349 673 imaginaria
1361 614 1455 658 netu
1467 612 1558 657 sunt
1572 610 1693 664 nihil3
1714 589 1882 686 ssZZiM,

85 672 377 736 fivespaetiosbtm
391 675 504 726 nihil,
522 691 567 719 ut
580 676 838 738 Augustinus
850 694 893 721 ea
906 690 1025 721 vocat
1041 695 1049 720 :
1077 679 1191 737 atqui
1205 681 1320 723 Deus
1332 694 1416 722 non
1431 677 1563 740 potest
1576 676 1649 722 esse
1660 679 1703 722 in
1724 696 1791 731 ria.

85 738 235 791 nih1'103
254 756 337 784 non
355 742 478 801 magis
491 757 618 800 quam
631 743 671 785 in
686 740 874 786 chimaera
888 776 899 794 ,
917 756 1110 787 centauro
1124 747 1166 787 δε
1179 743 1260 788 aliis
1273 740 1494 804 figmentis,
1522 759 1555 803 3.
1569 759 1704 803 neque

84 803 132 850 ad
144 803 456 867 concipiendum
471 807 737 860 inextensum,
748 809 865 867 quale
877 806 933 852 est
950 810 1066 852 Deus
1081 841 1093 860 ,
1121 824 1225 869 opus
1247 807 1304 852 est
1317 810 1475 871 concipi
1488 809 1699 854 extensum

83 869 183 930 quid
196 904 207 924 ‚
233 872 351 931 quale
363 870 420 915 cst
433 871 602 933 spatium
619 874 903 933 imaginarium
917 889 929 924 3
958 889 1054 917 cum
1066 874 1131 917 illa
1144 871 1231 917 duo
1245 874 1400 918 nullam
1413 871 1584 919 habeant
1596 889 1697 917 con-

81 938 335 989 venientiam,
362 952 403 995 4.
418 953 550 996 neque
574 936 746 998 spatium
771 935 908 982 differt
931 939 1084 982 realiter
1114 939 1135 982 a
1160 954 1342 1000 corpore.
1382 942 1575 1000 Corpore
1597 954 1696 1001 ergo

79 1016 162 1046 non
187 1001 391 1055 existente,
406 1018 491 1045 non
505 1000 623 1049 debet
637 1004 796 1064 concipi
808 1002 975 1048 existere
987 1002 1172 1064 spatium.
1199 1019 1232 1060 5.
1252 1005 1388 1048 multo
1400 1006 1538 1048 minus
1549 1005 1695 1066 imagi-

74 1068 184 1111 nario
198 1066 451 1113 adscribenda
464 1069 555 1112 sunt
568 1069 760 1113 attributa
772 1070 901 1118 realia,
909 1082 956 1113 ut
968 1066 1355 1122 extensiQdistantia
1368 1073 1445 1114 ἅτ.
1461 1070 1528 1114 illa
1541 1071 1651 1114 enim
1667 1071 1689 1113 εἴ

76 1131 287 1178 substantia
310 1133 437 1195 reipsa
462 1149 548 1177 non
562 1131 784 1186 differunt,
810 1132 873 1178 sed
885 1147 1048 1178 tantuin
1062 1148 1262 1196 conceptu
1276 1132 1432 1179 nostrO.
1460 1143 1500 1179 6.
1524 1149 1691 1195 praeter2

75 1213 197 1258 quarn
212 1197 330 1259 quod
343 1201 465 1244 etiam
479 1200 600 1260 spatia
612 1196 700 1243 haec
712 1197 762 1243 ad
774 1197 1089 1244 immensitatem
1106 1201 1187 1244 Dei
1200 1197 1508 1260 concipiendam
1522 1216 1607 1243 non
1620 1199 1688 1257 ju-

73 1263 248 1316 vant5sed
260 1267 397 1326 potius
408 1263 572 1308 obstant
584 1280 595 1314 ;
613 1279 709 1308 cum
722 1263 797 1309 nes
792 1265 856 1308 cio
871 1280 995 1324 quem
1011 1278 1257 1325 conceptum
1270 1266 1548 1326 corporeitatis
1561 1270 1602 1309 ἅ-
1615 1281 1686 1310 ex-

71 1328 259 1375 tensionis
281 1330 452 1375 inferant
465 1363 478 1384 ‚
491 1335 533 1374 &
547 1332 644 1374 Deo
659 1363 671 1383 ,
685 1345 810 1390 quem
823 1328 886 1374 isti
900 1329 1026 1391 spatio
1039 1329 1202 1374 extenso
1228 1328 1342 1390 quasi
1369 1331 1687 1375 commensurari

71 1395 216 1441 volunt
231 1429 242 1449 ‚
260 1393 467 1459 affingant.

133 1465 208 1507 VI.
234 1465 349 1507 Cum
373 1478 471 1524 ergo
483 1457 642 1506 essentia
654 1462 734 1506 Dei
749 1474 839 1506 ante
852 1459 999 1506 mundi
1011 1459 1229 1507 conditum
1254 1477 1343 1506 non
1367 1460 1487 1507 fuerit
1510 1461 1681 1516 extensa,
1700 1467 1767 1503 Sed
1771 1467 1834 1516 pei

68 1542 138 1572 nec
151 1527 221 1572 ulli
234 1528 360 1589 spatio
372 1528 612 1590 imaginario
626 1524 741 1586 quasi
755 1527 978 1581 coextensa,
992 1543 1087 1572 cum
1100 1525 1143 1572 id
1157 1543 1242 1571 non
1255 1525 1373 1572 detur
1386 1561 1398 1578 ,
1412 1526 1490 1572 dici
1504 1543 1587 1571 non
1602 1543 1680 1589 po·
1699 1524 1873 1559 intimam

66 1591 138 1638 test
161 1608 257 1637 eum
280 1591 555 1638 extensionem
579 1588 825 1652 acquisivisse
836 1607 907 1653 per
918 1592 1065 1638 mundi
1079 1594 1323 1637 creationem
1338 1609 1348 1643 ;
1366 1590 1550 1652 adeoque
1563 1596 1678 1638 Deus
1698 1581 1763 1638 Dei
1789 1586 1865 1623 ‘'p“

64 1674 131 1721 per
143 1654 309 1704 effentiae
321 1659 398 1704 suae
412 1656 687 1704 extensionem
702 1657 910 1702 mundum
923 1660 1073 1720 replere
1083 1657 1161 1703 dici
1176 1674 1261 1702 non
1274 1656 1421 1720 potest.
1448 1661 1550 1702 Non
1564 1674 1673 1702 enim
1694 1643 1861 1721 :53:231

61 1738 131 1785 per
142 1720 308 1770 essentiae
320 1722 597 1769 extensionem
611 1728 653 1768 δε
665 1721 778 1783 quasi
792 1720 1072 1777 diffufionem‚
1085 1721 1150 1767 sed
1164 1720 1458 1784 simplicissimo
1471 1727 1513 1767 3<
1526 1737 1673 1784 poten-
1692 1738 1881 1779 bmnbmh..

63 1786 212 1835 tissimo
225 1788 427 1852 cogitandi
441 1791 533 1834 aestu
547 1824 558 1839 ,
577 1805 664 1849 quo
678 1787 914 1833 immediate
928 1780 1069 1834 oinnia
1081 1802 1186 1833 creat
1200 1822 1212 1841 ,
1239 1788 1444 1833 conservat
1467 1789 1671 1849 &guber-
1767 1788 1776 1791 “
1849 1789 1857 1792 ”

62 1868 141 1905 nat,
148 1857 304 1915 quique
317 1857 366 1901 ab
378 1853 536 1901 essentia
547 1853 631 1912 ejus
642 1865 730 1898 non
741 1851 893 1907 differt,
907 1852 1068 1899 mundo
1091 1850 1339 1899 essentialiter
1350 1854 1550 1898 &intime
1564 1869 1668 1915 pra:-

61 1921 140 1965 sens
151 1919 220 1965 est.
245 1923 366 1967 Sicuti
378 1937 469 1965 non-
477 1921 555 1965 alio
569 1918 702 1965 modo
715 1919 873 1981 spiritus
895 1917 974 1964 dici
996 1915 1164 1981 possunt
1177 1915 1249 1963 esse
1261 1921 1303 1963 in
1316 1920 1410 1963 loco
1423 1953 1435 1972 ,
1455 1936 1580 1979 quam
1595 1934 1667 1981 pei·

61 1984 235 2031 modum
250 1987 493 2049 operationis
504 1987 546 2030 in
558 1986 633 2030 illis
644 1985 776 2038 rebus,
795 1985 945 2045 quibus
957 1984 1164 2046 praesentes
1176 1981 1249 2028 effe
1261 1983 1467 2029 dicuntur.

119 2056 218 2099 VII.
233 2056 301 2100 Ut
314 2054 417 2097 male
427 2049 620 2099 Vorstius
631 2054 775 2097 Deum
788 2049 881 2094 vere
894 2051 936 2093 in
949 2051 1043 2095 loco
1061 2055 1206 2109 <quem
1220 2064 1292 2110 per
1305 2050 1478 2110 spatium
1492 2047 1659 2103 definit)

59 2116 219 2164 existere
240 2121 414 2164 voluerit
428 2135 439 2169 3
467 2131 515 2162 ut-
537 2121 595 2170 &,
628 2119 723 2160 Deo
746 2111 971 2160 co‘e'xtitisse
983 2115 1033 2159 ab
1046 2129 1199 2161 aeterno
1222 2115 1472 2160 immensum
1485 2114 1660 2175 spatium

57 2184 271 2231 increatum
286 2220 298 2240 ,
312 2182 429 2247 quod
441 2200 518 2246 pro
531 2195 683 2228 naturae
695 2181 771 2226 suae
786 2180 918 2226 modo
931 2181 1201 2242 occupaverit,
1215 2183 1257 2224 δε
1269 2181 1311 2224 in
1324 2193 1523 2225 aeternum
1536 2196 1661 2224 occu-

55 2262 216 2312 paturus
239 2251 299 2297 sit.
334 2249 450 2296 Idem
472 2250 581 2295 enim
605 2248 669 2292 ille
691 2250 788 2292 Deo
813 2246 1058 2292 attribuebat
1067 2247 1335 2306 quantitatem
1349 2246 1526 2305 aliquam
1541 2247 1661 2305 (quia

54 2318 94 2361 in
108 2317 308 2378 Scriptura
320 2316 499 2379 respeeftu
513 2311 738 2361 substantiae
752 2312 829 2358 suae
843 2327 1013 2373 magnus
1024 2311 1191 2365 dicitur)
1210 2315 1252 2356 δε
1264 2325 1430 2372 corpus,
1441 2310 1659 2373 ipsumque

54 2382 185 2427 revera
197 2381 362 2428 finitum
377 2387 419 2428 &
432 2383 540 2427 coelo
552 2378 751 2424 inclusum
766 2379 917 2422 latitare
929 2375 1114 2422 docebat.

117 2453 239 2496 VIII.
263 2451 404 2496 Rebus
427 2462 563 2493 autem
589 2445 725 2489 creatis
735 2447 852 2489 Deus
864 2442 1030 2505 praesens
1040 2440 1116 2487 effe
1127 2439 1290 2495 dicitur,
1302 2442 1470 2502 vulgato
1483 2440 1582 2485 versi
1587 2457 1658 2485 cu-
1722 2448 1725 2451 ’

55 2515 109 2567 10,
121 2517 246 2562 tribus
258 2515 404 2565 modis,
420 2531 530 2559 enter
543 2547 555 2567 ,
568 2508 766 2573 praesenter
777 2513 819 2554 &
832 2510 988 2568 ubique
995 2523 1174 2570 potenter
1189 2526 1197 2550 :
1225 2505 1343 2566 quod
1356 2508 1409 2550 ita
1419 2507 1657 2567 explicatur,

54 2594 100 2626 ut
120 2585 255 2647 primo
267 2581 399 2630 modo
411 2583 526 2627 Deus
538 2575 707 2641 praesens
721 2574 773 2623 sit
783 2590 853 2637 per
866 2570 1070 2621 essentiam
1084 2607 1097 2627 ‚
1121 2589 1214 2634 quae
1227 2572 1421 2621 omnibus
1431 2574 1548 2619 rebus
1560 2572 1666 2615 intim-

973 2642 1018 2685 T
1054 2655 1072 2700 ς
1587 2635 1664 2681 me
