2116 2901
349 136 1311 194 DEDE1TAT1-:F1L115
1584 167 1663 199 211

8 247 11 272 ι
48 221 187 272 'omnia
211 220 283 270 ista
295 222 440 270 decora
454 224 616 272 aliunde
629 226 821 273 attributa
834 226 1054 291 fint,atque
1067 229 1161 278 inde
1172 249 1292 279 verus
1302 235 1418 280 Deus
1429 236 1667 299 appellari&

8 293 10 298 ’
50 288 192 337 divino
205 288 366 336 honore
379 289 484 338 affici
496 289 642 354 poffit3
659 291 779 353 quod
792 294 850 337 illi
868 291 1064 343 statuunt.

117 359 234 403 LVI.
270 359 416 417 Atque
438 354 504 403 hic
527 356 697 418 quidem
721 356 964 421 gravissimae
977 359 1216 410 idololatriae
1231 367 1285 412 rei
1301 366 1405 418 sunt,
1435 364 1537 413 dum
1552 384 1665 423 eum,

53 437 178 483 quem
191 422 335 467 natura
348 438 510 468 merum
524 420 741 469 hominem
753 424 944 479 fatentur,
972 443 1106 490 neque
1117 445 1193 492 pro
1205 446 1380 478 creatore
1392 434 1484 478 coeli
1497 450 1540 478 ac
1550 448 1665 481 terrae

53 484 215 542 habent,
237 490 382 533 Deum
406 487 561 536 faciunt
574 523 586 544 ‚
610 507 654 537 ac
676 505 753 552 pro
767 494 866 537 Deo
879 492 1034 545 colunt3
1061 509 1200 556 atque,
1213 497 1389 544 nefando
1404 514 1660 554 commento,

55 550 158 599 duos
168 556 282 600 Deos
294 552 578 610 introducunt,
591 560 634 602 δε
648 572 781 602 unum
793 555 964 617 quidem
977 560 1101 605 altero
1114 561 1312 621 majorem
1329 583 1337 608 :
1352 563 1469 624 quod
1482 563 1554 627 ipfi
1566 564 1664 611 ideae

56 631 176 679 atque
199 621 413 682 conceptui
436 621 588 667 summi
611 624 791 669 numinis
815 638 1011 686 repugnat
1025 659 1037 679 ,
1061 628 1135 686 qui
1161 629 1321 690 prorsus
1333 632 1665 692 corrumpitur&

10 686 11 690 ’
54 685 154 747 perit
167 717 178 738 ‚
202 684 274 729 ubi
298 687 390 746 quis
411 689 527 732 Deus
549 689 675 734 altero
688 689 829 732 minor
839 688 1115 737 introducitur
1127 706 1139 744 3
1169 709 1256 737 non
1270 695 1407 739 minus
1419 712 1545 755 quam
1561 712 1662 740 con-

10 790 11 793 ,
57 763 194 812 ceptus
206 750 362 812 spiritus
374 750 577 814 disperiret
588 787 601 808 ,
626 752 656 799 si
669 752 775 799 duos
787 753 944 815 spiritus
958 757 1049 815 quis
1059 756 1316 804 introducere
1329 762 1459 814 vellet,
1479 777 1663 821 quorum

57 829 161 861 unus
172 816 298 878 magis
311 816 417 862 foret
429 817 587 881 spi-ritus
609 835 738 882 quam
751 821 849 866 alius
863 839 873 865 ι
899 820 1019 883 quod
1031 827 1072 868 ὃς
1085 822 1135 869 de
1147 825 1229 870 aliis
1239 841 1376 870 rerum
1387 828 1538 872 naturis
1548 828 1665 873 intel-

53 879 262 944 ligendum
275 881 347 928 est.

119 950 258 994 LVII.
297 951 355 995 Et
367 964 464 994 vero
477 966 610 1012 operae
623 953 802 1015 pretium
814 953 921 1000 foret
933 969 982 998 ex
995 953 1086 1017 ipsis
1096 956 1330 1018 intelligere,
1350 957 1421 1003 ubi
1433 959 1474 1003 in
1489 958 1666 1020 Scriptu-

55 1011 106 1059 ris
128 1011 433 1060 distinctionem
457 1019 540 1062 Dei
564 1018 714 1064 summi
738 1022 781 1063 &
804 1018 1057 1065 subordinati
1082 1022 1247 1084 legerint
1271 1055 1284 1076 ‚
1327 1024 1545 1085 praesertim
1570 1039 1666 1068 cum

9 1103 11 1106 v
54 1079 194 1124 omnia
206 1078 522 1126 fundamentalia
533 1084 576 1128 in
589 1085 794 1146 Scriptura
808 1086 918 1133 claris
929 1085 1058 1131 verbis
1069 1088 1268 1132 contineri
1279 1086 1379 1132 adeo
1402 1087 1662 1134 contendant.

9 1163 11 1167 ¹
56 1145 170 1190 Nam
182 1144 300 1205 quod
318 1165 334 1192 1
344 1182 354 1192 .
366 1150 470 1192 Cor.
487 1148 528 1194 8:
547 1164 582 1209 5.
595 1148 789 1196 dicuntur
800 1148 874 1197 effe
885 1153 1007 1198 multi
1018 1155 1093 1198 Dii
1105 1170 1152 1198 ac
1162 1156 1346 1208 Domini,
1357 1170 1407 1198 ex
1419 1154 1564 1200 codem
1578 1171 1666 1199 vei·-

10 1256 11 1259 ,
55 1210 100 1255 su
111 1211 419 1272 intelligendum
445 1209 501 1258 est
516 1248 528 1268 ‚
562 1219 605 1261 &
629 1225 699 1264 xm*
724 1225 755 1269 g?
773 1231 868 1267 κως
889 1216 1159 1278 repetendum
1183 1222 1260 1265 Dii
1282 1229 1472 1278 λεγόμενοι.
1517 1223 1667 1280 Neque

55 1272 242 1322 Christus
254 1278 294 1321 in
308 1277 386 1323 isto
400 1277 545 1325 ordine
557 1284 727 1344 ponitur
740 1318 753 1338 ‚
777 1300 911 1344 neque
936 1293 1010 1334 ,θεὸς
1040 1294 1241 1343 amabat&
1265 1288 1308 1329 δε
1330 1288 1445 1331 Deus
1459 1299 1667 1347 nuncupa-

49 1342 161 1387 ·tivus
173 1340 242 1396 est,
257 1342 322 1388 sed
333 1347 527 1390 Deorum
541 1351 919 1411 nnncupativorum
933 1348 1128 1395 dominus
1141 1384 1153 1404 ,
1167 1348 1361 1395 conditor
1378 1385 1390 1405 ,
1404 1350 1529 1410 judex
1543 1355 1584 1395 δε
1597 1348 1667 1395 de-

57 1405 248 1453 stru&or.
281 1409 381 1456 Psal.
395 1411 464 1457 82.
487 1416 546 1457 Et
557 1422 781 1460 adorarunt
793 1414 919 1478 ipsttm
934 1432 1064 1460 omnes
1075 1414 1142 1461 dii.
1163 1416 1260 1461 Psal.
1274 1432 1347 1476 97:
1359 1436 1400 1479 7.
1427 1414 1547 1477 quod
1561 1421 1666 1460 Pau-

57 1474 119 1520 lus
141 1474 234 1520 citat
257 1475 389 1521 Hebr.
415 1493 447 1522 1:
465 1485 505 1523 6.
529 1481 592 1524 Ita
615 1493 663 1526 ut
687 1478 937 1543 figmentum
961 1479 1041 1525 hoc
1055 1479 1104 1525 sit
1128 1479 1504 1527 antichristianismo
1533 1480 1642 1543 pejus
1656 1515 1669 1534 ,

59 1555 154 1585 cum
178 1555 253 1600 pro
265 1539 557 1590 mediatoribus
568 1543 806 1593 secundariis
818 1550 859 1592 δέ
873 1547 1067 1609 capitibus
1078 1547 1233 1592 vicariis
1245 1545 1497 1594 subordinati
1509 1551 1550 1592 &
1565 1548 1667 1592 vica-

60 1606 108 1652 rii
119 1606 194 1651 Dii
205 1605 539 1655 introducuntur.

124 1674 286 1717 LVIII.
320 1677 460 1720 Inania
484 1689 621 1722 autem
644 1677 735 1726 sunt
759 1693 852 1739 quae
875 1675 1030 1725 deitatis
1053 1679 1094 1722 in
1107 1677 1193 1740 ipso
1206 1692 1369 1742 ponunt
1378 1692 1613 1740 argumenta
1625 1680 1668 1722 &

61 1735 201 1782 causas.
233 1740 386 1800 Neque
407 1742 518 1786 enim
530 1758 626 1788 ante
637 1750 898 1789 nativitatem
910 1777 924 1798 ,
947 1743 1005 1788 ob
1016 1743 1296 1804 quodcunque
1312 1747 1394 1792 Dei
1408 1744 1458 1790 de
1469 1745 1554 1807 ipso
1568 1758 1668 1790 con-

10 1803 13 1856 ]
63 1800 208 1855 filium,
224 1806 339 1850 Deus
349 1803 428 1851 dici
440 1810 593 1870 potuit,
618 1825 714 1854 cum
726 1808 844 1869 juxta
856 1825 924 1854 eos
934 1823 1028 1855 turn
1042 1808 1233 1855 nondum
1246 1812 1422 1857 extiterit
1433 1845 1445 1865 ‚
1472 1827 1515 1855 ac
1528 1826 1578 1854 ne
1589 1808 1667 1856 ho-

62 1883 136 1914 mo
149 1868 316 1929 quidem
328 1869 462 1918 fuerit.
500 1876 650 1933 Neque
662 1888 778 1920 ortus
788 1893 836 1921 ac
846 1882 1045 1920 nativitas
1057 1892 1106 1921 ex
1117 1873 1302 1931 homine,
1325 1891 1535 1936 utcunque
1547 1877 1670 1922 mira-

65 1935 157 1980 culo
170 1933 286 1991 ffflm,
308 1952 405 1984 eum
417 1941 561 1985 Deum
572 1938 688 1992 facit3
703 1956 789 1985 non
803 1944 929 2003 magis
941 1955 1067 2000 quam
1081 1939 1298 1988 Adamum
1310 1956 1425 1988 ortus
1435 1941 1517 2000 ejus
1528 1957 1577 1986 ex
1590 1955 1669 1987 ter-

64 2000 110 2046 ra
119 2001 271 2062 virgine
284 2020 295 2048 ε
321 2018 454 2065 neque
475 2007 585 2051 enim
598 2008 779 2068 corporis
789 2004 945 2052 Christi
956 2005 1153 2052 formatio
1177 2023 1226 2052 ex
1238 2021 1366 2054 matre
1377 2009 1531 2070 virgine
1545 2009 1666 2052 mira-

67 2065 184 2111 bilius
196 2069 277 2113 Dei
290 2084 393 2131 opus
404 2069 483 2116 fuit
495 2104 509 2126 ‚
532 2086 656 2131 quam
671 2073 795 2134 primi
807 2070 988 2117 hominis
1011 2070 1233 2133 produftio
1247 2089 1295 2119 ex
1308 2075 1486 2136 pulvere.
1521 2075 1671 2132 Neque

67 2148 212 2178 munus
226 2134 631 2197 propheticum,quod
644 2137 778 2184 solum
793 2136 866 2200 ipsi
879 2139 921 2182 in
934 2139 1045 2183 terris
1056 2139 1284 2200 largiuntur
1297 2140 1428 2202 ipsum
1444 2140 1569 2200 magis
1580 2141 1670 2183 De-

71 2210 145 2242 um
157 2197 379 2254 constituit,
392 2217 517 2261 quam
531 2203 698 2248 Mosem
711 2208 755 2249 δε
767 2204 865 2249 alios
876 2201 1179 2266 prophetas,qui
1192 2203 1365 2251 similem
1378 2205 1460 2251 Dei
1473 2200 1580 2266 apud
1592 2201 1671 2247 ho-

71 2264 196 2308 mines
207 2264 447 2326 legationem
458 2264 673 2330 gesserunt.
706 2273 857 2329 Neque
867 2268 1044 2330 denique
1055 2272 1245 2316 exaltatio
1257 2269 1380 2334 ipsius
1395 2284 1514 2329 atque
1524 2286 1671 2313 munus

73 2335 220 2391 regium
234 2363 247 2383 ,
261 2330 378 2390 quod
390 2331 550 2379 summa
562 2350 659 2380 cum
671 2334 867 2398 potestate
878 2336 921 2380 in
935 2336 1047 2381 coelis
1057 2338 1159 2398 gerit
1172 2371 1184 2387 ,
1213 2335 1295 2382 hoc
1308 2335 1511 2398 dignitatis
1523 2333 1670 2395 fastigi-

74 2406 146 2438 um
157 2393 228 2457 ipsi
241 2396 395 2443 confert
409 2417 419 2443 :
445 2413 714 2462 praeterquam
738 2402 846 2447 enim
872 2399 990 2462 quod
1001 2399 1081 2447 hoc
1094 2403 1216 2465 paffko
1230 2401 1417 2448 deitatem
1432 2436 1444 2455 ‚
1468 2417 1558 2461 quae
1571 2400 1670 2443 obc-

70 2456 222 2505 dientia
234 2459 412 2509 hominis
424 2464 615 2525 acquisita
627 2465 874 2528 fit,quaeque
885 2467 958 2513 sub
970 2469 1164 2513 meritum
1178 2467 1485 2522 cadit‚inferant,
1503 2482 1593 2526 qua:
1608 2465 1672 2508 illa

74 2520 194 2570 deitas
208 2539 327 2586 atque
337 2529 510 2591 potestas
522 2530 580 2577 est
593 2565 607 2586 ,
630 2549 724 2593 quae
738 2531 789 2579 ad
800 2536 916 2581 V.T.
932 2531 1083 2587 fideles,
1095 2533 1210 2594 juxta
1222 2534 1338 2596 ipsos,
1352 2535 1545 2595 pertinere
1557 2530 1672 2573 nullo

78 2587 205 2637 modo
217 2592 359 2655 potest,
387 2611 484 2645 cum
498 2594 549 2649 ad
561 2614 708 2648 eorum
723 2599 888 2650 salutem
901 2597 1002 2649 nihil
1011 2601 1247 2654 contulerit,
1262 2612 1380 2661 atque
1393 2595 1491 2645 adeo
1504 2598 1549 2643 iis
1559 2599 1676 2642 Deus

140 2687 142 2690 .
1088 2667 1134 2715 D
1147 2663 1175 2714 d
1210 2681 1232 2711 2
1591 2675 1678 2705 non
