2116 2901
206 172 342 233 §Qae
370 181 440 232 per
452 180 563 213 ·rura
577 165 728 214 ‘lubens
751 159 918 230 genialia
941 161 1078 211 ludere
1098 158 1235 227 gestit3

293 255 412 297 Cum
436 251 542 313 saepc
564 248 623 296 est
647 263 789 296 tenero
814 247 941 295 ducta
968 246 1115 294 chorea
1138 243 1253 308 pede.

255 333 402 379 Libera
424 347 495 394 per
515 332 623 376 solos
643 344 809 395 ponunt
831 328 996 391 vestigia
1018 342 1186 390 campos
1203 359 1217 381 ‚

293 419 439 477 Atque
463 429 614 477 gerunt
641 414 716 460 uni
740 411 902 459 subdita
926 413 1031 458 colla
1058 412 1177 457 Deo.

205 498 447 546 ‘Omnibus
479 498 674 551 emicuit,
709 492 929 542 coelestum
962 493 1176 539 Abi-amus
1211 505 1395 542 amores,

287 579 571 642 AEqualisque
596 579 668 623 illo
692 578 814 640 virgo
836 577 951 623 beata
987 577 1107 627 viro,

203 663 296 708 'Illa
321 660 394 708 diu
420 660 562 708 sterilis
585 672 714 706 matre
749 673 789 705 at
817 655 1057 705 foecundior
1080 657 1213 708 omni3

284 743 358 789 Ille
384 758 484 805 puer
514 741 671 786 cun6t0
697 738 782 797 jam
807 751 918 802 patre
951 735 1088 796 major
1112 748 1220 786 erat3

225 822 461 869 Auctorem
487 823 637 868 salvere
662 820 783 865 suum
808 852 821 873 ‚
862 834 990 879 quem
1020 817 1141 863 turba
1168 815 1297 862 fidene

286 907 345 950 Et
368 904 479 948 coelo
507 903 686 948 nimium
714 915 810 962 gens
837 897 1020 944 adamata
1039 932 1052 952 ‚
1095 897 1224 956 jubet.

236 987 353 1031 Mox
376 986 482 1030 intra
504 981 696 1046 angustos
720 980 915 1044 descripta
939 978 1116 1026 Ecclesia
1142 979 1244 1025 fines
1259 1014 1272 1035 ‚

295 1068 420 1115 Colla
442 1065 545 1130 jugo
568 1060 693 1128 pressa
716 1063 773 1110 est
791 1098 803 1118 ,
839 1066 930 1109 Lex
955 1061 1062 1106 male
1094 1059 1195 1107 dura
1211 1095 1222 1115 ‚
1265 1072 1356 1106 tuo,

235 1146 458 1191 Continuo
487 1162 627 1192 rerum
651 1146 788 1191 vultus
813 1157 913 1189 tunc
940 1142 1133 1206 panditur
1165 1145 1262 1189 alter
1279 1177 1291 1197 ‚

299 1229 401 1273 Heu
426 1229 605 1273 nimium
631 1228 653 1272 a
675 1226 804 1290 prisco
829 1242 958 1287 quam
973 1222 1124 1289 procul¹
1139 1227 1236 1272 alter
1268 1223 1375 1270 abit!

240 1307 422 1354 Libertas
449 1310 633 1371 primum
661 1309 698 1353 {e
721 1304 822 1368 jussa
848 1306 1059 1362 facescere,
1100 1321 1222 1352 terras

293 1392 465 1452 Liquit3
505 1405 543 1437 at
570 1392 590 1436 a
617 1392 814 1436 Domino
849 1389 944 1452 post
967 1386 1193 1436 revocanda
1216 1402 1347 1434 novo.

242 1472 456 1519 Hactenus
488 1471 651 1519 investis
674 1473 793 1518 turba
821 1476 863 1518 ὃ(
889 1489 978 1518 non
1003 1474 1165 1536 puberis
1187 1473 1290 1526 aevi,

302 1555 495 1602 Duxerat
524 1557 753 1610 innocuos,
787 1559 877 1604 laeta
903 1573 974 1622 per
999 1576 1091 1606 arva
1115 1593 1128 1614 ,
1163 1556 1329 1605 choros.

225 1637 229 1639 ’
249 1637 402 1690 Nunc,
442 1637 602 1701 sumpta
628 1636 793 1686 tandem
818 1651 921 1700 praet
945 1654 1061 1690 exta,
1092 1637 1255 1686 ⁴tristior
1277 1639 1385 1690 ibat,

310 1726 457 1784 Atque
484 1739 611 1770 manu
638 1725 746 1770 sceva
769 1724 922 1788 sceptra*
939 1737 1105 1771 tenente>
1122 1727 1264 1787 gemit.

260 1805 365 1849 Non
391 1817 574 1851 matrum
599 1805 738 1856 lanus,
778 1819 1017 1868 cantataque
1043 1808 1186 1860 naenia,
1202 1805 1307 1853 silvis

311 1887 439 1932 Tunc
466 1885 630 1934 audita:
667 1902 757 1934 atro
783 1888 959 1936 fulmina
983 1904 1128 1937 monte
1155 1904 1328 1941 tonant3

251 1966 406 2012 Monte
427 1965 575 2016 sonant
597 1983 750 2032 patruae
772 1972 978 2018 tonitralia
997 1972 1165 2019 verbera
1189 1973 1338 2035 linguae
1356 1989 1367 2016 ι

312 2047 499 2095 Horrida
522 2049 740 2113 discipulos
763 2066 883 2100 terret
908 2056 1046 2119 imago
1073 2072 1220 2102 novos.

253 2118 330 2162 Per
350 2119 522 2178 crepitus
544 2116 683 2164 ferulae
707 2152 720 2173 ,
754 2135 827 2182 per
852 2119 950 2167 dirae
975 2124 1155 2168 carmina
1176 2123 1303 2185 legis,

316 2199 505 2244 Numine
527 2200 564 2245 se
587 2202 731 2247 mitem
759 2200 1033 2250 diffimulante
1057 2209 1235 2251 Patrem.

238 2277 356 2325 >Inde
381 2277 516 2325 statim
539 2283 689 2328 tetricis
710 2299 808 2345 gens
831 2284 889 2330 est
914 2283 1128 2332 commissa
1152 2283 1375 2348 magistn's,

324 2362 455 2422 Qeis
475 2360 532 2407 est
558 2360 752 2409 divinum
776 2380 933 2412 nomen
961 2364 1106 2414 habere
1131 2365 1296 2415 datum.

265 2442 423 2492 Addita
449 2446 542 2494 sunt
565 2448 681 2495 servis
706 2451 1038 2506 auctoramenta,
1072 2452 1196 2500 severi

326 2526 555 2590 Mancipii,
589 2532 755 2593 propria
780 2529 892 2594 signa
915 2543 1054 2579 notata
1078 2549 1220 2582 manu„

890 2627 1032 2658 *mc*
1545 2604 1737 2668 'semim’
