2116 2901
305 132 382 177 DE
417 131 669 177 operimus
703 131 1101 177 CREAT10N15·1N
1137 147 1314 181 spaera.
1567 152 1651 197 309¹

34 206 177 264 bantia,
192 224 235 254 ac
248 211 360 255 mille
371 207 508 254 modis
517 221 679 254 tornata
693 224 736 253 ac
751 205 923 270 figurata
937 209 1123 265 somnies,
1153 215 1249 258 &in
1262 229 1304 258 re
1317 212 1410 259 seria
1423 210 1561 261 ludere
1573 233 1649 261 ve-

35 274 90 320 lis.
130 278 244 320 Cum
256 290 354 338 ergo
367 277 409 320 in
425 288 520 320 toto
534 274 721 320 universo
735 289 822 318 non
835 273 914 320 sint
928 277 1053 337 magis
1065 275 1215 323 diversa
1228 279 1420 325 attributa
1431 295 1560 340 quam
1573 297 1644 327 ex-

36 337 160 387 tenfio
186 344 229 385 δε
254 342 451 403 cogitatio
463 373 477 394 ‚
511 356 598 384 non
623 335 789 402 possunt
816 341 880 384 illa
893 339 1025 386 eidem
1040 341 1221 401 subjecto
1235 345 1360 389 tribui
1379 363 1389 389 ε
1417 361 1504 389 non
1517 348 1644 408 magis

24 442 26 444 ,
39 421 160 466 quam
173 404 202 450 fi
215 403 395 451 dicamus
406 422 540 451 unum
555 404 783 464 subjectum
797 403 896 450 duas
908 403 1052 451 habere
1065 422 1238 454 naturas.
1268 412 1336 455 Ut
1347 424 1510 455 remoto
1524 413 1643 456 omni

39 472 307 533 corporeitatis
333 484 533 533 conceptu
547 504 560 525 ‚
595 487 690 531 quae
714 486 885 515 omnem
914 473 1059 518 animat
1072 474 1327 519 nobilitatem
1341 477 1516 536 perimit,
1545 493 1588 521 ea
1600 478 1643 522 in

40 551 136 599 pura
161 538 421 599 intelligentia
444 542 487 581 δε
513 537 766 598 cogitatione
788 535 1026 582 collocanda
1049 536 1112 584 fit.
1148 542 1253 585 Non
1282 542 1389 584 enim
1405 539 1513 585 aliud
1527 543 1644 601 quic-

40 617 162 663 quam
186 601 237 648 de
260 603 305 647 ea
333 603 493 664 concipi
507 603 568 647 vel
580 600 852 647 demonstrari
864 601 1012 664 potest.
1046 608 1113 648 Ac
1127 602 1209 649 fine
1220 605 1284 649 illa
1298 605 1430 650 rursus
1444 608 1578 652 anima
1591 623 1644 653 ne

41 665 206 727 quidem
233 669 400 729 cogitari
413 666 559 730 potest.
599 670 665 714 Ut
677 683 763 712 non
778 684 883 730 opus
897 666 945 713 sit
961 667 1069 714 aliud
1082 668 1238 729 aliquid
1253 671 1462 732 concipere
1477 705 1488 722 ,
1524 671 1645 731 quod

43 733 276 794 cogitationi
298 734 442 778 animae
466 732 713 778 substratum
727 731 799 784 fit3
828 732 931 779 ficut
942 749 1015 779 nec
1026 733 1251 780 extenfioni
1263 735 1418 795 aliquid
1430 735 1646 782 substerni-

42 811 127 849 tur,
171 796 235 843 sed
248 800 310 843 illa
324 797 381 844 est
393 798 475 861 ipsa
486 801 669 861 corporis
682 797 912 845 substantia.
947 802 1047 844 Hoc
1058 802 1168 845 enirn
1181 817 1231 845 ex
1243 800 1478 863 praejudicio
1503 802 1647 847 nostro

43 861 110 914 est,
137 880 225 924 quo
238 866 430 910 volumus
442 866 561 910 omni
573 865 771 911 attributo
784 863 1030 911 substantiali
1042 879 1111 911 aut
1122 865 1350 912 substantiae
1374 866 1529 928 aliquid
1553 869 1647 913 sub-

43 927 207 975 stratum
222 929 309 977 esse.

106 998 261 1041 XCIII.
299 1001 392 1044 Nec
405 995 560 1042 inferrri
577 994 736 1060 potest,
772 1012 968 1042 cumvox
995 1009 1149 1056 :¹552th
1172 995 1345 1044 halitum
1359 996 1555 1044 duntaxat
1567 1015 1644 1044 no·
1664 1000 1801 1077 qubaque

45 1073 112 1115 tet,
133 1062 220 1106 talis
246 1065 392 1109 animae
416 1064 621 1108 rationalis
642 1063 886 1107 creationem
899 1065 920 1107 a
933 1063 1056 1108 Mose
1068 1078 1155 1107 non
1178 1065 1413 1109 memorari.
1449 1065 1522 1109 Illa
1534 1066 1643 1110 enim
1659 1045 1695 1091 su
1732 1056 1819 1081 ’Μ’

1664 1097 1713 1124 -ix

46 1141 155 1180 voce,
183 1144 422 1189 quanquam
436 1126 589 1174 directe
602 1129 786 1190 spiritum
799 1126 923 1173 istum
936 1129 1215 1174 immortalem
1230 1145 1314 1174 non
1330 1127 1644 1192 defignet,etiam
1665 1097 1815 1180 'temesae-

46 1193 219 1238 animam
240 1196 479 1240 rationalem
504 1191 797 1257 comprehendi
819 1211 863 1239 ac
886 1195 1085 1240 contineri
1106 1210 1156 1240 ex
1180 1197 1307 1240 totius
1319 1194 1517 1241 sententia:
1531 1212 1647 1241 com-
1667 1187 1838 1227 ''endum'’

47 1258 228 1320 plexione
251 1258 514 1305 manifestum
537 1260 608 1306 est.
643 1263 758 1305 Cum
770 1261 881 1305 enim
894 1262 1049 1321 reliqua
1061 1260 1280 1306 animantia
1291 1277 1343 1305 ex
1355 1274 1457 1306 terra
1470 1265 1513 1306 &
1525 1278 1645 1322 aqua,

48 1326 165 1370 unico
191 1327 313 1371 veluti
334 1323 455 1384 jussu,
482 1325 686 1388 producta
710 1324 811 1376 fint,
842 1324 1024 1383 hominis
1046 1342 1144 1372 vero
1169 1343 1317 1389 corpus
1328 1343 1377 1371 ex
1390 1326 1496 1371 terra
1508 1329 1645 1388 primo

49 1387 269 1436 formatum
283 1425 294 1442 ‚
331 1404 425 1437 tum
451 1408 550 1437 vero
562 1391 696 1437 infuso
711 1389 841 1437 halitu
854 1392 877 1436 a
891 1396 987 1438 Deo
1000 1394 1226 1438 animatum
1239 1394 1394 1454 legatur
1406 1425 1418 1445 ‚
1454 1406 1561 1453 patet
1577 1395 1648 1437 ali-

51 1469 122 1500 um
134 1457 253 1519 longe
264 1457 451 1520 spiritum
463 1455 628 1503 homini
640 1456 821 1503 inditum
833 1453 908 1502 effe
921 1473 1046 1518 quam
1058 1456 1211 1509 bestiis3
1228 1472 1350 1517 atque
1364 1458 1480 1502 illum
1497 1473 1583 1501 non
1596 1474 1648 1503 ex

53 1523 211 1567 materia
223 1524 354 1583 aliqua
367 1557 379 1577 ‚
413 1521 540 1569 sedex
554 1524 635 1570 Dei
647 1522 768 1586 ipsius
779 1521 1016 1569 immediata
1039 1524 1273 1584 operatione
1284 1519 1506 1583 processisse
1519 1524 1650 1567 mani-

52 1584 198 1632 festum
211 1586 280 1634 est.
295 1589 517 1635 Praesertim
529 1605 628 1635 cum
639 1587 826 1642 addatur,
841 1586 1057 1633 hominem
1070 1586 1121 1633 ad
1133 1589 1356 1651 imaginem
1369 1589 1451 1634 Dei
1463 1584 1537 1632 effe
1548 1604 1649 1633 con..

44 1649 183 1698 -ditum
196 1669 206 1704 3
219 1652 339 1714 quod.
347 1656 511 1716 reliquis
524 1654 796 1701 animantibus
808 1670 893 1698 non
906 1654 1118 1699 tribuitur.
1140 1711 1148 1718 ⁶
1168 1676 1174 1683 =
1768 1707 1771 1709 .
1833 1704 1839 1714 ¹

115 1721 271 1768 xclv.
308 1721 475 1766 Dicitur
498 1718 713 1769 autemhic
725 1718 874 1766 halitus
910 1721 1029 1764 mnu
1063 1719 1170 1772 ”aaa
1194 1721 1437 1781 spiraculum
1450 1727 1649 1772 vitarum,
1670 1702 1770 1794 &aab
1782 1717 1860 1794 ³⁷22

19 1815 22 1818 -
84 1784 156 1830 lur.
169 1801 285 1831 num.
299 1784 645 1833 addenotandum
659 1801 835 1832 omnem
843 1784 1018 1848 gradum
1032 1787 1126 1833 vitae
1138 1821 1151 1841 ,
1190 1802 1282 1845 quae
1297 1782 1345 1829 ad
1359 1784 1647 1846 perfectionem
1670 1773 1712 1849 5135
1729 1767 1853 1860 ᾕῖη,

18 1889 21 1891 .
57 1797 230 1897 {ominis
243 1853 434 1913 pertinen
452 1869 538 1897 non
551 1854 678 1898 vitam
690 1867 929 1914 corpoream
942 1853 1074 1897 solum
1089 1887 1102 1907 ‚
1138 1869 1231 1912 quae
1244 1852 1286 1895 in
1301 1864 1422 1895 motu
1436 1850 1649 1913 spirituum
1673 1870 1725 1907 ga
1737 1867 1789 1914 ‘ff-

20 1946 23 1950 -
61 1917 99 1959 δι
122 1914 314 1979 sanguinis
325 1917 508 1964 confistit
522 1952 535 1973 ‚
566 1932 611 1964 ut
625 1919 858 1981 Gen.7:22.
874 1915 952 1962 ‘ubi
967 1915 1172 1980 exspirasse
1183 1915 1332 1962 dicitur
1343 1935 1470 1969 omne,
1485 1924 1523 1961 in
1537 1918 1654 1978 cujus

61 1980 215 2028 naribus
233 1999 318 2029 erat
330 1985 479 2030 halitus
480 1986 649 2047 spiritus?
659 1992 844 2030 vitarum
857 1999 877 2034 ;.
896 1999 1040 2029 verum
1054 1986 1176 2031 etiam
1190 1984 1314 2032 vitam
1328 1981 1556 2035 animae,seu
1570 1982 1656 2025 ani-

63 2060 168 2092 mam
191 2048 312 2110 ipsam
325 2051 545 2105 viventem,
558 2052 812 2096 rationalem.
846 2050 1017 2112 Duplex
1032 2052 1148 2095 enim,
1158 2047 1244 2094 haec
1257 2049 1338 2092 vita
1355 2050 1395 2092 in
1409 2046 1579 2092 homine
1593 2045 1657 2090 di-

63 2109 204 2173 stingui
226 2111 354 2161 debet.
393 2119 504 2162 Non:
522 2118 639 2161 enim.
657 2117 786 2161 vitam
811 2131 1049 2176 corpoream
1063 2117 1197 2160 anima
1209 2114 1409 2159 rationalis
1422 2109 1568 2158 accessu
1583 2111 1656 2155 suo

65 2174 174 2231 ficit,
211 2193 279 2225 aut
300 2177 464 2227 discessu
486 2181 657 2228 adimit:
685 2180 750 2227 sed
773 2183 816 2226 in
840 2181 1041 2243 sanguinis
1067 2197 1111 2226 ac
1125 2177 1456 2243 spirituumjusta
1471 2177 1598 2239 figura
1613 2191 1656 2220 ac

65 2255 179 2288 motu
199 2261 242 2289 ea
266 2245 473 2299 consistit3
498 2265 587 2309 quo
614 2249 689 2293 rite
711 2260 935 2309 temperato
959 2248 1092 2292 anima
1103 2248 1147 2291 in
1161 2243 1398 2308 corpusjam
1413 2245 1554 2289 vivum
1571 2242 1659 2287 suc-

66 2305 162 2356 cedit
174 2344 185 2361 ‚
211 2308 318 2356 istud
329 2313 599 2374 gubernatura
613 2349 626 2368 ,
651 2318 694 2359 &
718 2326 856 2358 motus
869 2311 952 2369 ejus
965 2310 1248 2363 moderatura;
1275 2326 1398 2370 atque
1410 2308 1557 2355 eodem
1572 2322 1661 2352 tur-

67 2370 185 2425 bato,
218 2380 259 2421 &
281 2381 458 2439 partium
482 2378 615 2443 figura
638 2380 856 2424 immutata
881 2383 923 2422 &
945 2377 1139 2433 confusa,
1169 2395 1213 2423 ea
1237 2378 1348 2437 quasi
1386 2375 1561 2437 hospitio
1587 2373 1661 2417 suo

69 2434 221 2499 depulsa
242 2458 290 2487 ex
312 2460 484 2506 corpore
507 2446 641 2491 rursus
664 2441 812 2490 recedit
836 2477 850 2498 ‚
873 2441 1058 2505 illudque
1081 2445 1192 2490 velut
1217 2442 1536 2489 instrumentum
1550 2436 1599 2484 ad
1612 2454 1664 2482 o-

71 2506 278 2564 perationes
290 2507 372 2555 suas
384 2509 626 2557 inidoneum
640 2509 793 2556 deserit.

128 2570 260 2620 XCV.
292 2578 437 2639 Atque
450 2574 559 2623 hunc
573 2577 747 2625 halitum
759 2574 985 2641 insitffiavit
1008 2580 1124 2623 Deus
1136 2574 1300 2623 homini
1312 2582 1351 2622 m
1365 2591 1478 2620 nares
1493 2592 1510 2618 e
1506 2575 1578 2634 jus
1599 2607 1610 2626 ,
1624 2577 1664 2618 ⁴&
1683 2579 1842 2629 quomoda

950 2648 1056 2705 Qq
1092 2660 1119 2706 3·
1499 2655 1669 2702 corpori.
