2116 2901
434 132 522 167 210
768 120 938 164 Lrss.
1001 118 1038 161 Ι.
1105 117 1403 161 CAPUT
1470 110 1790 160 XXXIII.

434 217 518 262 que
528 198 718 247 deitatem
730 200 902 248 Christo
915 199 1137 247 adscribant
1149 233 1162 254 ,
1186 215 1296 244 mera
1307 196 1415 244 stans
1426 198 1518 244 sunt
1531 199 1686 252 omnia,
1700 213 1773 243 nec
1787 196 1891 244 ultra
1902 195 2050 249 huma-‘

434 282 532 312 nam
545 281 733 314 naturam
745 266 963 313 ascendunt
974 301 986 322 ,
1010 281 1265 326 omnemque
1275 262 1531 310 divinitatem
1543 264 1586 308 in
1597 261 1717 309 donis
1728 280 1772 309 ac
1784 261 2052 315 accidentibus

436 331 682 392 quibusdam
693 327 695 329 ¹
706 331 964 379 constituunt
976 367 988 386 ,
1013 348 1106 393 quae
1119 329 1391 394 praestantiam
1405 327 1577 390 quidem
1587 327 1731 375 dicunt
1743 363 1756 384 ,
1782 330 1898 374 nullo
1912 345 2050 380 autem
2090 347 2096 357 ·

2078 215 2107 346 5

434 395 570 443 modo
582 396 837 445 divinitatem
850 415 862 451 ;
878 397 952 445 nifi
967 397 1087 444 fimili
1098 395 1232 443 modo
1244 397 1366 442 etiam
1379 396 1477 440 alios
1488 392 1620 440 adhuc
1632 392 1838 450 homineS,
1852 398 1915 442 vel
1926 399 2049 446 etiam
2087 435 2091 443 s

436 461 510 507 sese
520 464 648 526 ipsos,
683 464 742 510 ob
754 463 969 526 fingulares
980 461 1174 525 quasdam
1187 461 1302 509 dotes
1315 495 1328 515 ‚
1362 463 1508 524 pariter
1529 458 1644 506 evehi
1667 462 1710 505 in
1722 465 1839 507 Deos
1861 475 1982 524 atque
1993 465 2046 512 ita'

437 530 621 590 appellari
641 527 754 593 poffe
777 529 1023 576 concedant:
1049 542 1175 592 prout
1196 527 1381 592 ipsorum
1394 525 1629 589 Theologia
1639 528 1795 573 multos
1805 544 1922 574 veros
1932 531 2049 577 Deos
2094 523 2100 540 ³

433 591 631 641 admittit.

500 663 584 705 LII
591 664 619 705 ι’.
645 666 807 709 Verum
831 678 965 707 merus
988 659 1053 707 hic
1077 659 1135 706 est
1161 659 1351 705 vocabuli
1363 658 1519 704 abusus,
1552 661 1698 719 Atque
1708 655 1787 704 hac
1798 660 1839 705 in
1853 673 1964 722 parte
1977 659 2048 707 ad'..

433 726 608 771 versariis
619 727 765 773 nostris
778 729 994 790 contingit,
1003 724 1121 787 quod
1135 727 1256 771 etiam
1269 726 1351 770 aliis
1363 724 1532 786 persaepe
1544 725 1701 770 evenire
1714 722 1913 780 videmus,
1930 724 2048 787 quod

432 791 555 853 longe
568 793 678 838 aliter
689 792 739 840 de
752 809 794 838 re
806 792 986 849 judicent
999 809 1041 837 ac
1053 794 1294 852 loquantur,
1302 806 1430 851 quam
1442 788 1516 852 ipfi
1529 807 1617 835 eam
1634 791 1860 852 percipiunt
1873 808 1915 837 ac
1927 793 2043 838 intel-

430 856 578 917 ligunt.
614 862 852 921 Conceptus
863 860 972 903 enim
986 873 1110 918 atque
1121 855 1208 902 idea
1219 858 1328 911 Dei,
1365 872 1459 901 cum
1474 854 1524 901 de
1536 872 1586 901 eo
1600 856 1700 901 serio
1714 857 1954 918 cogitamus,
1980 871 2048 904 tot

431 936 555 982 atque
566 936 695 969 tantas
706 926 896 986 exprimit
920 923 1184 987 perfeetiones
1199 957 1211 976 ‚
1224 937 1271 969 ut
1284 939 1337 968 eae
1350 923 1392 966 in
1406 919 1621 966 hominem
1635 919 1772 967 cadere
1783 938 1870 967 non
1882 921 2048 986 poffint,

430 1002 621 1034 manente
643 988 731 1035 idea
755 1004 878 1050 atque
901 1004 1102 1052 conceptu
1126 987 1320 1034 hominis.
1357 987 1496 1032 Habet
1518 988 1628 1032 enim
1641 989 1756 1033 Deus
1768 990 1976 1050 propriam
1988 1002 2048 1037 at-

432 1069 515 1112 que
526 1052 738 1101 definitam
763 1070 950 1102 naturam
963 1072 1005 1100 ac
1018 1068 1280 1117 conceptum,
1310 1052 1430 1113 :eque
1444 1066 1567 1113 atque
1580 1054 1664 1097 aliae
1677 1069 1757 1103 res;
1787 1053 2055 1116 similiterque

432 1115 568 1164 homo
583 1139 592 1164 ε
617 1137 751 1181 neque
774 1138 921 1167 eorum
945 1134 1098 1167 naturae
1121 1121 1185 1165 vel
1198 1134 1415 1181 conceptus
1439 1119 1596 1164 alterius
1607 1120 1663 1164 rei
1676 1132 1818 1165 natura
1830 1122 1894 1166 vel
1905 1136 2054 1168 conce-

425 1198 526 1246 ptus
538 1183 612 1230 effe
623 1184 799 1249 poffunt.
841 1191 946 1233 Non
960 1189 1087 1249 magis
1099 1203 1141 1232 ac
1154 1202 1219 1231 ex.
1236 1203 1296 1248 gr,
1311 1198 1528 1247 conceptus
1542 1186 1628 1229 auri
1639 1186 1730 1229 luto
1743 1187 1960 1232 convenire
1970 1203 2052 1250 po.

432 1248 521 1296 test.
561 1255 679 1297 Cum
703 1269 802 1315 ergo
824 1254 879 1298 illi
904 1256 1048 1298 Deum
1072 1253 1269 1315 appellant
1279 1285 1292 1305 ‚
1325 1267 1453 1311 quem
1476 1265 1553 1312 pro
1578 1266 1675 1296 vero
1688 1267 1731 1296 ac
1744 1267 1865 1297 mero
1877 1250 2049 1312 homine

433 1312 586 1363 habent
595 1351 609 1372 ,
634 1316 738 1379 quid
762 1317 872 1364 aliud
896 1334 1024 1380 quam
1047 1334 1185 1364 rerum
1210 1331 1369 1362 naturas
1391 1330 1515 1377 atque
1536 1313 1642 1362 ideas
1663 1315 1926 1364 confundunt
1938 1352 1951 1372 ‚
1977 1331 2046 1366 aut

433 1381 572 1427 saltem
586 1384 697 1429 aliter
708 1386 941 1445 loquuntur
952 1400 1080 1444 quam
1093 1382 1165 1445 ipfi
1179 1399 1264 1428 rem
1277 1384 1440 1445 capiunt
1454 1389 1473 1427 ?
1486 1383 1560 1442 qui
1573 1383 1682 1427 enim
1695 1379 1829 1428 homo
1842 1382 1913 1437 est,
1931 1387 2049 1431 Deus·

433 1448 600 1510 proprie
612 1447 687 1495 effe
698 1450 762 1495 vel
774 1451 959 1512 appellari
971 1465 1057 1494 non
1070 1448 1305 1512 potest‚non
1318 1450 1444 1510 magis
1456 1464 1583 1508 quam
1596 1464 1743 1493 aurum
1753 1447 1887 1512 potest
1898 1446 1972 1495 esse
1983 1451 2046 1496 lu-

434 1527 543 1567 tum,
557 1529 745 1561 manente
757 1516 981 1576 utriusque,
995 1530 1087 1560 turn
1100 1516 1199 1568 auri,
1218 1528 1311 1560 tum
1323 1515 1399 1558 luti
1412 1526 1623 1575 conceptu.

500 1583 618 1628 LIV.
655 1585 704 1626 In
717 1598 767 1626 eo
780 1595 916 1627 autem
928 1594 1075 1635 errant,
1092 1578 1210 1641 quod
1221 1578 1436 1626 hominem
1449 1581 1547 1625 Deo
1560 1579 1720 1625 summe
1734 1596 1873 1626 carum
1888 1615 1900 1636 ‚
1925 1585 1968 1627 δε
1978 1597 2054 1645 pet>
2115 1616 2116 1639 ἢ

435 1659 564 1704 quem
591 1649 707 1692 Deus
729 1648 859 1693 multa
881 1648 993 1692 bona
1016 1645 1255 1692 hominibus
1267 1643 1474 1692 distribuit
1487 1679 1499 1699 ‚
1525 1647 1683 1707 quique
1707 1644 1821 1705 juxta
1833 1648 1937 1710 ipsos
1947 1650 2044 1693 Deo
2114 1649 2116 1694 ἒ

433 1707 537 1756 adeo
550 1710 600 1757 s1t
612 1714 764 1767 unitus,
775 1726 822 1759 ut
836 1710 1038 1773 quicquid
1048 1713 1112 1756 ille
1124 1709 1245 1756 habet
1256 1746 1268 1762 ,
1285 1724 1406 1772 atque
1417 1712 1496 1774 ipsa
1507 1711 1591 1771 ejus
1603 1712 1991 1776 omnipotentia‚ipfi
2002 1715 2051 1758 in.
2114 1738 2116 1745 π

434 1775 632 1823 obeundo
645 1794 813 1824 munere
824 1779 898 1824 suo
911 1775 961 1823 acl
973 1790 1125 1823 nutum
1137 1775 1494 1823 velutifiamuletur
1505 1791 1628 1838 atque
1638 1775 1786 1840 praesto
1800 1776 1849 1823 s1t
1860 1813 1872 1830 ,
1898 1781 2045 1840 cuique
2112 1796 2113 1837 j

431 1841 514 1900 ipsa
525 1841 626 1887 adeo
639 1843 723 1902 ejus
731 1845 863 1907 gloria
875 1860 918 1888 ac
930 1840 1069 1889 honor
1081 1843 1384 1889 communicata
1396 1842 1475 1889 fint
1486 1876 1498 1896 ‚
1512 1846 1656 1889 Deum
1669 1844 1878 1906 appellent,
1895 1848 1937 1890 &
1950 1846 2048 1905 qui-⁴
2110 1878 2113 1897 ἱ

431 1903 528 1952 dem
542 1910 685 1954 Deum
698 1925 842 1955 verum
856 1925 867 1960 3
883 1925 979 1954 cum
991 1922 1127 1955 tamen
1141 1909 1191 1955 ab
1203 1912 1322 1955 altera
1334 1923 1443 1971 parte
1454 1907 1670 1955 concedere
1682 1923 1894 1971 cogantur,
1908 1911 1976 1972 ips
1969 1926 2043 1955 uma

432 1970 535 2017 nihil
546 1976 716 2036 operari,
729 1973 915 2035 nihilque
925 1972 1123 2037 posfidere
1135 1973 1254 2036 quod
1265 1977 1422 2021 ratione
1433 1976 1603 2022 naturali
1615 1978 1711 2020 Deo
1726 1976 1940 2037 proprium
1952 1972 2042 2030 effe,

431 2052 556 2099 atque
580 2038 630 2085 ad
641 2039 773 2087 ideam
786 2057 830 2086 ac
842 2054 1086 2104 conceptum
1099 2039 1184 2099 ejus
1198 2042 1394 2104 pertinere
1405 2043 1620 2092 novimus;
1636 2057 1729 2101 quae
1754 2051 1913 2093 dcam-m
1936 2042 2044 2087 sunt,¹

431 2105 472 2150 Si
485 2106 594 2150 enim
607 2122 702 2151 eum
717 2140 729 2162 ‚
755 2120 967 2166 utcunque
978 2105 1111 2152 homo
1124 2105 1174 2152 fit
1186 2141 1199 2161 ,
1234 2121 1369 2153 tamen
1381 2108 1547 2169 propria
1559 2108 1599 2152 vi
1610 2104 1749 2152 divina
1761 2122 1882 2168 opera
1894 2107 2038 2168 exequi

427 2183 587 2231 putant3
602 2169 682 2228 jam
697 2172 963 2234 perfeetiones
971 2175 1014 2218 in
1026 2170 1197 2218 Christo
1210 2172 1310 2218 adeo
1324 2186 1535 2234 augent‚ut
1545 2175 1588 2218 in
1599 2170 1824 2217 humanam
1848 2186 2041 2219 naturam

428 2251 484 2280 (ὲκ
507 2236 644 2282 cadere
666 2252 752 2281 non
778 2236 929 2299 possint
941 2273 954 2292 ‚
990 2254 1113 2299 atque
1135 2236 1236 2283 adeo
1259 2255 1300 2283 re
1312 2238 1398 2301 ipsa*⁴
1417 2237 1601 2284 divinam
1613 2252 1800 2285 naturam
1813 2238 1855 2282 in
1868 2236 2035 2284 Christo

425 2316 590 2361 ponunt
604 2336 616 2357 ‚
653 2301 724 2348 etfi
748 2303 790 2349 id
814 2303 944 2349 verbis
967 2318 1113 2367 negent
1128 2338 1142 2359 ,
1165 2305 1304 2351 &Dei
1315 2318 1438 2366 atque
1449 2318 1636 2352 creaturae
1649 2302 1782 2350 ideam
1794 2305 1927 2352 rursus
1939 2320 2040 2351 con->-
2102 2322 2103 2327 ¹

424 2366 621 2414 fundunt.

491 2437 587 2482 LV.
617 2438 761 2494 Atque
783 2433 865 2481 hoc
887 2434 970 2494 jam
982 2437 1087 2482 inter
1098 2437 1203 2499 ipsos
1215 2441 1258 2482 &
1273 2453 1349 2483 nos
1360 2435 1573 2485 discrimen
1586 2434 1643 2483 est
1659 2456 1668 2482 :
1694 2440 1767 2483 An
1792 2429 2037 2483 Christusfin.
2098 2409 2101 2426 Ι

423 2498 461 2543 se
484 2499 569 2561 ipso
582 2500 647 2545 illa
659 2502 800 2545 omnia
811 2517 944 2546 revera
957 2499 1155 2564 possideat
1167 2519 1260 2564 quae
1273 2508 1389 2550 Pater
1401 2502 1536 2557 habet,
1559 2516 1607 2550 ut
1617 2502 1727 2551 idem
1741 2517 1883 2550 natura
1895 2506 2034 2552 Deus}
2096 2496 2099 2523 ³

424 2562 526 2613 ficut
548 2581 622 2612 nos
645 2564 840 2614 docemus
855 2586 864 2614 ε
889 2583 942 2614 an
953 2585 1051 2621 vero
1062 2567 1137 2632 ipsi
1150 2602 1164 2626 2
1188 2582 1235 2620 ut
1247 2583 1434 2622 creaturae
1448 2570 1470 2622 ἐι
1482 2573 1580 2624 Deo
1591 2571 1852 2633 summopere
1862 2566 2030 2640 dilectae,

1545 2665 1552 2671 x
1891 2646 2036 2680 omma
