2116 2901
377 164 487 242 ⁷58¹
771 156 1604 221 L12.1.CapuT1X.
1992 0 2116 226 ἲ

384 267 490 312 olim
500 263 601 311 falsae
611 261 848 310 traditiones
858 260 900 303 in
913 253 1092 302 Ecclefia
1103 248 1317 316 suppositae
1331 247 1410 294 fint
1423 281 1437 301 ‚
1464 245 1568 308 (jam
1580 243 1692 289 enim
1704 239 1849 287 saeculo
1861 255 1902 286 v.
1914 235 2001 286 falfi
2058 221 2113 269 ⁷*-

385 329 558 393 quidam
579 329 760 376 Concilii
781 324 943 372 Nicaeni
953 326 1145 369 Canones
1157 318 1208 364 ab
1218 313 1405 363 Ecclesiae
1417 317 1626 360 Romanae
1650 308 1786 370 legatis
1808 303 2003 368 producti

385 398 596 459 leguntur)
613 396 704 456 quis
714 408 824 440 veras
835 396 877 437 &
890 403 1097 451 germanas
1107 387 1130 430 a
1140 384 1280 447 spuriis
1289 379 1482 427 discernet
1494 380 1510 424 ἓ
1525 381 1568 422 &
1581 392 1671 438 quo
1695 379 1880 436 navigia?
1905 388 2002 418 cum

386 461 438 508 ad
461 465 680 525 Scripturas
703 476 764 505 eas
784 456 1005 504 examinari
1028 453 1162 498 nolint
1175 470 1188 494 .·
1216 454 1259 495 &
1272 448 1365 509 quis
1382 461 1458 491 nos
1470 457 1598 490 certos
1608 440 1724 488 faciet
1737 473 1750 494 ‚
1783 456 1845 486 eas
1867 439 2007 490 incor..

390 542 526 590 ruptas
539 526 589 572 ad
601 543 676 571 nos
689 519 905 588 pervenisse
919 523 934 566 ἓ.

452 596 674 640 XXXVII.
711 599 751 637 6.
777 589 1055 652 Qascunque
1066 596 1202 630 autem
1226 577 1433 627 adversarii
1457 573 1524 621 hic
1534 574 1688 637 regulas
1698 569 1866 632 tradunt
1880 604 1892 624 ‚
1906 569 2010 616 reci·
2073 629 2077 632 .

388 657 495 704 dunt
505 675 559 703 eae
572 673 715 703 omnes
726 654 776 701 ad
788 655 1073 701 auctoritatem
1085 655 1127 695 &
1138 646 1424 694 testimonium
1437 639 1622 688 Ecclesiae
1635 656 1648 691 3
1676 654 1819 684 verum
1832 635 1919 682 haec
1929 634 2008 697 ipia

390 725 608 770 auctoritas
631 720 818 768 Ecclefiae
840 721 905 766 vel
918 716 1099 763 maxime
1111 718 1154 760 in
1168 712 1394 774 quaestione
1406 706 1463 754 est
1479 726 1489 752 t
1514 704 1661 751 deinde
1673 702 1830 750 constat
1841 701 2009 749 diversas

388 791 492 834 olim
505 787 699 835 Ecclefias
711 822 723 841 ,
747 790 869 833 etiam
895 781 1154 847 Apostolicas
1166 814 1178 834 ,
1202 781 1303 825 circa
1314 773 1550 823 traditiones
1560 771 1643 831 jam
1657 772 1761 815 olim
1774 764 2000 822 diffenfiffe,

385 869 432 900 ut
444 872 493 900 ex
506 852 780 900 controversa}
792 851 842 898 de
854 849 1039 897 Paschate
1050 860 1172 911 patet.
1209 849 1265 891 Et
1279 839 1383 904 quid
1397 839 1426 886 fi
1439 839 1503 885 vel
1519 837 1699 883 universa
1712 832 1900 888 Ecclesia,
1915 831 2008 880 inde

385 921 407 965 a
420 922 560 982 primis
581 920 729 966 saeculis
745 953 758 973 ,
782 921 824 964 in
849 915 1112 963 traditionem
1133 913 1312 972 aliquam
1327 906 1587 954 consenserit,
1613 919 1664 948 an
1676 918 1763 946 non
1774 901 1816 945 in
1830 916 2014 946 errorem

386 986 609 1031 consentire
621 1001 763 1031 omne-s
776 979 995 1047 potuissent
1011 982 1026 1025 ξ
1054 994 1141 1023 non
1154 979 1265 1023 enim
1278 973 1410 1034 majus
1422 971 1682 1035 privilegium
1694 964 1870 1020 Ecclefia
1883 963 2015 1013 Chri..

387 1051 513 1099 stiana
526 1050 644 1096 habet
658 1085 670 1105 ,
685 1067 813 1112 quam
825 1044 1105 1110 olimJudaica
1117 1043 1274 1089 habuit.
1579 1073 1583 1077 .
2115 1023 2116 1048 ¹

455 1120 698 1164 XXXVIII.
735 1135 777 1177 7.
800 1119 953 1175 Neque
978 1113 1100 1157 etiarn
1113 1107 1263 1155 dantur
1275 1105 1470 1169 dogmata
1482 1103 1555 1148 aiia
1566 1097 1773 1148 necessaria
1785 1112 1896 1144 extra
1908 1097 2012 1143 Scri-
2114 1096 2116 1130 ί

390 1196 554 1246 pturam
567 1217 580 1237 ,
592 1196 640 1228 ut
650 1180 939 1229 traditionibus
949 1193 1054 1240 opus
1067 1175 1129 1222 fit.
1163 1171 1372 1220 Pontificii
1384 1167 1556 1231 quidem
1570 1164 1766 1230 assignant
1776 1162 2018 1211 traditiones
2112 1148 2116 1224 i

390 1263 484 1302 tum
496 1247 546 1293 de
558 1249 761 1311 Scriptura
774 1247 873 1311 ipsa,
889 1259 982 1291 tum
995 1242 1046 1289 de
1058 1243 1140 1287 aliis
1153 1240 1286 1286 rebus.
1311 1242 1374 1284 At
1385 1252 1483 1283 vero
1497 1232 1734 1280 traditiones
1745 1228 1796 1276 de
1806 1229 2013 1293 Scriptura
2111 1257 2114 1280 ,

390 1330 478 1358 non
490 1312 744 1360 concludunt
756 1312 840 1358 dari
854 1309 1090 1357 traditiones
1100 1321 1211 1353 extra
1223 1307 1473 1367 Scripturam
1485 1335 1498 1356 ‚
1526 1297 1577 1344 de
1588 1298 1742 1359 quibus
1753 1297 1886 1342 solum
1899 1312 2015 1356 quae·

391 1379 472 1426 stio
494 1378 566 1426 est.
600 1384 656 1427 Et
678 1377 845 1425 traditio
868 1376 955 1423 haec
976 1374 1027 1421 de
1050 1373 1257 1436 Scriptura
1280 1369 1337 1416 est
1349 1382 1514 1415 tanturn
1526 1366 1685 1418 sensata,
1709 1360 2005 1416 testimoniam,
2110 1414 2111 1422 ἵ

393 1451 438 1492 δε
460 1446 779 1508 experimentalis
790 1478 803 1499 ‚
831 1443 916 1504 qua
939 1442 1029 1487 libri
1053 1438 1094 1485 hi
1120 1440 1321 1484 continuo
1333 1431 1519 1481 Ecclefiae
1533 1431 1607 1477 usu
1619 1427 1899 1476 commendati
1911 1431 1953 1472 &
1965 1425 2018 1473 ad
2055 1425 2058 1427 Δ
2110 1426 2111 1436 ’

391 1511 575 1575 posteros
597 1511 808 1574 propagati
831 1510 947 1560 sunt3
976 1522 1104 1567 quarn
1128 1502 1385 1550 admittimus
1397 1532 1412 1554 -‚
1434 1498 1559 1544 verba
1588 1498 1700 1542 enim
1714 1497 1797 1542 Dei
1808 1499 1962 1556 semper
1972 1494 2015 1538 in
2108 1477 2110 1578 ἶ

392 1593 464 1622 ore
477 1577 660 1623 Ecclefiae
673 1574 734 1621 eff
726 1593 746 1621 e
759 1574 988 1622 debuerunt
1001 1594 1014 1617 .·
1028 1588 1116 1617 non
1126 1587 1225 1616 vero
1238 1569 1408 1615 revelata
1420 1570 1462 1611 &
1476 1563 1775 1617 auctoritativa,
1781 1575 1829 1607 ut
1841 1560 2017 1605 verbum
2107 1595 2109 1613 ,

396 1645 479 1691 Dei
493 1642 543 1687 ab
557 1643 601 1687 ea
614 1641 848 1705 dependeat.
2106 1621 2109 1646 ⁹

461 1711 658 1755 XXXIX.
701 1709 742 1755 8.
769 1713 993 1770 Qantum
1020 1702 1072 1749 ad
1094 1718 1152 1748 res
1175 1704 1266 1748 alias
1279 1736 1291 1752 ‚
1316 1716 1371 1745 eae
1395 1699 1460 1745 vel
1472 1698 1514 1742 in
1526 1699 1567 1742 S.
1582 1695 1787 1756 Scriptura
1799 1692 2017 1739 continen-
2105 1647 2109 1730 i

394 1788 466 1821 tur
478 1809 490 1829 ‚
515 1787 562 1819 ut
574 1773 916 1837 paedobaptismus
929 1806 941 1826 ‚
965 1770 1228 1833 personarum
1241 1770 1283 1812 in
1295 1762 1455 1811 effentia
1468 1761 1607 1808 divina
1629 1761 1786 1806 trinitas
1798 1793 1811 1813 ‚
1836 1758 2018 1805 Patris&

393 1843 484 1887 Filii
507 1850 658 1898 &macla
670 1877 685 1900 ‚
709 1843 1066 1886 Sacramentorum
1078 1834 1267 1880 doctrina
1279 1837 1528 1877 &numerus
1544 1847 1554 1872 ε
1567 1828 1631 1872 vel
1646 1842 1732 1870 non
1744 1839 1830 1871 tam
1843 1823 2020 1886 dogma-

393 1921 436 1953 ta
458 1907 549 1952 sunt
561 1943 573 1963 ,
600 1923 730 1967 quam
752 1903 1002 1967 dogmatum
1025 1899 1261 1964 appendices
1277 1934 1290 1950 ,
1316 1911 1363 1942 ut
1393 1912 1486 1957 quae
1510 1891 1561 1940 de
1583 1891 1776 1955 perpetua
1789 1891 2020 1952 virginitate
2042 1916 2055 1921 -

393 1974 557 2026 Μαι-ἱππ,
579 1975 701 2018 etiarn
712 1969 806 2034 post
820 1984 981 2032 partum
995 2003 1007 2018 ,
1024 1966 1075 2013 de
1086 1963 1267 2013 remedio
1279 1979 1356 2027 pro
1368 1974 1531 2024 peccato
1543 1958 1731 2021 originali
1743 1970 1820 2019 pro
1833 1955 2018 2002 foeminis

388 2042 432 2084 in
445 2043 501 2087 V.
514 2042 572 2085 T.
585 2044 629 2084 &
642 2037 823 2083 masculis
835 2050 925 2081 ante
937 2035 1136 2080 o&avum
1149 2030 1259 2077 diem
1273 2027 1543 2075 morientibus
1558 2059 1571 2079 ,
1594 2037 1790 2085 quaerunt
1806 2041 1815 2067 z
1830 2022 2024 2083 quamvis

391 2104 480 2152 haec
503 2105 582 2167 ipsa
605 2102 847 2150 sufficienter
870 2100 1071 2163 scripturis
1092 2092 1494 2160 comprehendantur
1504 2126 1517 2147 ,
1561 2095 1603 2136 δε
1633 2090 1761 2152 magis
1771 2105 1823 2133 ex
1834 2088 1878 2133 ea
1891 2102 2021 2148 quam

391 2187 442 2216 ex
465 2169 685 2216 traditione
707 2166 916 2219 constent3
943 2182 1040 2212 nam
1052 2170 1094 2210 &
1105 2165 1219 2209 beata
1230 2163 1349 2225 virgo
1362 2174 1408 2206 ut
1421 2158 1541 2204 solius
1553 2153 1709 2203 Christi
1738 2168 1867 2200 mater
1892 2155 1935 2198 in
1963 2153 2035 2198 sa·-

395 2239 472 2282 cris
492 2237 631 2282 litteris
654 2235 832 2280 occurrit
857 2269 869 2284 ,
921 2237 964 2277 &
998 2232 1170 2295 pertinet
1193 2227 1275 2274 hoc
1309 2224 1514 2287 judicium
1548 2221 1600 2268 ad
1634 2220 1841 2266 honorem
1874 2219 2023 2282 virgini

398 2314 542 2362 θεοτόκςέ
563 2300 751 2348 debitum
764 2321 779 2345 .·
803 2305 845 2344 &
869 2315 966 2344 curn
988 2293 1243 2343 circumcifio
1256 2293 1398 2339 semini
1410 2287 1639 2337 Abrah-ami
1651 2285 1741 2333 data
1755 2283 1862 2339 esset,
1887 2285 1960 2330 sub
1971 2300 2021 2329 eo

399 2372 521 2415 etiarn
545 2367 729 2414 foeminae
754 2365 1034 2417 censebantur,
1069 2367 1111 2407 δε
1136 2360 1319 2406 masculis
1331 2353 1574 2404 circumcisis
1586 2351 1768 2398 universa
1781 2351 1933 2397 familia
1946 2351 2022 2395 cir-

402 2435 575 2480 cumcisa
588 2432 810 2479 habebatur
821 2453 833 2477 .·
849 2428 968 2493 quod
981 2443 1117 2475 autern
1129 2425 1179 2472 de
1191 2425 1372 2472 masculis
1384 2439 1475 2471 ante
1485 2433 1697 2482 acceptum
1726 2417 2021 2463 sacramentum

401 2500 672 2545 morientibus
695 2512 842 2562 urgent
858 2532 871 2552 ,
894 2513 1028 2542 errore
1040 2494 1185 2539 nititur
1194 2491 1244 2538 de
1257 2487 1481 2537 necessitate
1493 2492 1535 2533 &
1549 2483 1723 2534 efficacia
1736 2482 2025 2536 ‚sacramento-

402 2583 498 2611 rum
511 2600 524 2619 ,
547 2583 597 2611 ex
609 2581 730 2627 opere
742 2576 910 2627 operato
923 2596 936 2617 ‚
960 2560 1011 2608 de
1024 2576 1112 2622 quo
1124 2556 1262 2621 postea
1288 2576 1299 2602 z
1323 2557 1387 2602 vel
1412 2553 1591 2614 denique
1613 2550 1776 2614 prorsus
1787 2551 1829 2594 in
1841 2549 2022 2610 Scriptu-

405 2648 493 2678 ram
517 2633 732 2679 incurrunt
744 2664 758 2687 ‚
782 2643 830 2676 ut
841 2625 956 2676 missa
967 2662 982 2684 ,
1005 2627 1243 2674 sanctorum
1253 2622 1407 2676 cultus,
1435 2618 1722 2685 purgatorimn
1740 2649 1755 2672 ‚
1781 2614 2024 2662 sacramenta
2055 2633 2058 2637 ·

1877 2679 2021 2741 spuria,
2058 2688 2075 2716 ι’
