2116 2901
215 993 352 1032 Αὲῗέοηε

400 124 475 187 338
720 125 898 169 Ltn.
974 125 1379 168 1.·CA1>uT
1444 123 1677 171 XLIV.

399 221 554 252 naturae
569 207 669 252 entis
681 203 957 270 perfiefflffimi
973 225 982 252 :
1022 222 1169 253 verum
1183 208 1316 252 oritur
1329 208 1395 252 illa
1421 223 1472 252 ex
1484 224 1526 253 re
1539 223 1626 252 non
1641 205 1816 270 positiva
1828 241 1841 263 ,
1875 209 1951 257 seu'
1970 228 2021 261 ex

398 270 561 317 deffectu
577 306 590 327 ‚
624 273 648 317 ὲ
660 286 838 318 creatura
861 274 1063 319 nimirum
1078 307 1089 321 ,
1126 289 1218 333 quae
1236 288 1323 317 non
1352 274 1405 318 ita
1421 272 1601 335 perfeeta
1614 271 1672 320 est
1685 307 1699 328 ‚
1733 275 1836 335 quin
1862 291 2022 339 peccare>

399 335 539 400 possit.
574 339 795 384 Hactenus
813 352 952 384 tamen
978 337 1246 402 possibilitatis
1258 340 1408 401 peccati
1433 337 1749 386 fundamentum
1762 342 1863 402 poni
1886 342 2014 405 potest

400 404 443 447 in
456 404 540 448 Dei
550 402 810 451 ordinatione
823 438 837 459 ,
863 417 1068 465 quatenus
1093 406 1228 450 noluit
1253 419 1449 451 creaturas
1460 407 1512 450 ita
1526 404 1718 468 perfectas
1729 421 1865 452 creare
1879 423 1926 455 ut
1938 410 2013 456 im..

402 469 618 530 peccabiles
626 466 763 525 essent,
776 475 820 517 δε
833 483 1032 531 quatenus
1046 486 1130 515 non
1144 470 1391 533 repugnabat
1401 471 1602 525 bonitati,
1638 469 1802 531 justitiae
1816 477 1858 518 &
1871 473 2011 522 saneti-

398 535 477 579 tati
490 536 572 580 Dei
586 536 707 582 talem
721 553 859 582 rerum
871 535 1061 583 ordinem
1075 551 1158 599 prae
1172 538 1256 582 aliis
1266 537 1410 598 eligere
1422 570 1435 592 ‚
1449 538 1493 582 in
1507 553 1596 597 quo
1607 551 1816 600 peccatum
1831 539 1857 584 s
1849 555 1913 586 uas
1923 557 2011 604 par·

400 612 460 644 -tes
471 597 711 647 habiturum
723 600 827 649 effet.

470 669 588 713 LVI.
626 666 867 729 Qomodo
880 681 1017 713 autem
1029 668 1095 713 illa
1116 665 1318 713 certitudo
1329 681 1495 714 eventus
1518 669 1667 731 peccati
1677 670 1879 715 conciliari
1891 670 2011 732 possit

401 745 500 776 cum
512 733 693 780 libertate
704 733 887 780 hominis
895 767 908 788 ‚
944 739 986 779 &
997 748 1109 779 reatu
1122 732 1244 796 ipsius
1253 749 1324 796 per
1335 748 1544 796 peccatum
1558 768 1571 788 ‚
1604 732 1647 779 id
1660 736 1756 795 quia
1781 734 1975 798 dependet
1987 739 2011 783 a

398 797 764 860 comprehensione
777 801 1066 863 operationum
1080 801 1179 846 entis
1190 799 1357 853 infiniti,
1371 801 1392 845 a
1406 800 1524 845 nobis
1540 801 1611 845 vix
1624 800 1741 863 plene
1755 803 1919 865 intelligi
1935 819 2009 865 po-

395 861 484 910 test.·
520 866 723 927 Aliquam
736 880 873 911 tamen
886 867 1020 911 lucem
1033 863 1129 911 huic
1141 867 1196 911 rei
1219 864 1366 911 inferre
1381 864 1636 912 studebimus
1657 883 1708 912 ex
1721 866 2009 915 consideratio-

395 944 449 975 ne
462 932 676 977 actionum
689 932 772 977 Dei
785 933 886 977 circa
899 944 1123 994 peccatum.

355 1009 369 1032 5
459 1000 601 1045 LVII.
636 1001 686 1042 In
711 999 829 1043 omni
855 998 1016 1043 actione
1041 998 1144 1043 mala
1167 995 1363 1059 distingui
1388 995 1511 1042 debet
1536 998 1776 1060 interipsam
1804 1000 2003 1048 aetionem
2043 1003 2048 1007 ’

174 1050 209 1083 D
215 1060 229 1081 ⁹
230 1049 241 1081 ἱ
285 1050 330 1085 ‘s'
332 1063 371 1087 ca
392 1078 474 1122 qua
486 1065 623 1117 talem,
639 1068 681 1108 &
694 1061 958 1109 vitiositatem
970 1061 1056 1122 ejus
1073 1081 1083 1107 ε
1099 1079 1193 1123 quae
1207 1061 1417 1109 distinffio
1431 1078 1516 1107 non
1531 1062 1664 1108 solum
1679 1064 1818 1109 locum
1834 1062 1954 1112 habet
1963 1069 2004 1113 in

169 1112 352 1153 peccatum.

389 1128 465 1174 illis
479 1130 720 1181 affimibus,
737 1146 830 1189 quae
845 1129 999 1175 vitiosae
1012 1128 1103 1174 sunt
1116 1142 1283 1192 propter
1296 1127 1639 1175 circumstantiam
1655 1131 1850 1191 aliquam,
1863 1148 2007 1179 verum

388 1195 510 1239 etiam
523 1197 564 1240 in
577 1196 653 1240 illis
665 1212 758 1256 quae
771 1194 953 1240 absolute
968 1195 989 1239 a
1002 1197 1102 1240 Deo
1120 1193 1337 1257 prohibitae
1350 1195 1456 1241 sunt.

460 1265 625 1307 LVIII.
659 1264 805 1322 Atque
829 1259 940 1306 idem
965 1261 1087 1306 etiam
1111 1262 1250 1306 locum
1264 1259 1385 1307 habet
1406 1262 1447 1305 in
1462 1262 1631 1323 peccatis
1645 1258 1893 1314 omiffionis;
1930 1263 2003 1310 etsi

388 1326 499 1371 enirn
512 1324 678 1372 omiffio
690 1325 859 1390 physice
872 1324 1126 1372 considerata
1138 1325 1244 1372 dicat
1257 1327 1390 1373 solum
1415 1328 1584 1372 aetionis
1597 1330 1857 1390 negationem
1871 1363 1883 1383 ‚
1908 1345 1999 1374 mo-

387 1392 520 1437 raliter
531 1406 669 1438 tamen
682 1390 978 1438 considerando
991 1427 1003 1447 ‚
1016 1405 1215 1452 quatenus
1227 1394 1366 1439 nimir.
1379 1410 1421 1439 ea
1434 1391 1646 1439 laudabilis
1653 1392 1725 1448 est,
1741 1395 1803 1439 vel
1819 1410 1905 1440 non
1919 1429 1931 1450 ,
1959 1412 2000 1441 a-

390 1458 507 1502 &tum
525 1459 678 1521 semper
689 1459 869 1519 aliquem
881 1458 1157 1518 conjunfmm
1171 1456 1305 1504 habet.

455 1527 569 1571 LIX.
608 1523 743 1584 Qod
755 1541 855 1587 ergo
867 1525 1008 1570 attinet
1020 1524 1158 1568 actum
1174 1539 1340 1586 peccato
1355 1524 1598 1570 substratum
1620 1559 1632 1578 ,
1644 1526 1763 1571 illum
1776 1529 1891 1573 Deus
1902 1541 1996 1589 pro-

386 1586 511 1641 ducit3
531 1593 667 1635 omnis
679 1592 790 1636 enim
804 1604 946 1635 natura
958 1625 970 1641 ,
987 1587 1056 1636 etsi
1074 1589 1215 1635 vitiosa
1228 1588 1284 1634 est
1301 1627 1312 1646 ‚
1330 1594 1369 1636 in
1383 1605 1588 1652 quantum
1602 1604 1737 1636 tamen
1751 1606 1892 1638 natura
1914 1592 1969 1639 est
1979 1626 1998 1647 ,

385 1654 495 1700 bona
507 1654 565 1700 est
577 1691 589 1707 ‚
628 1661 671 1701 &
683 1657 705 1701 ὲ
720 1660 816 1703 Deo
830 1655 887 1701 est
903 1676 912 1702 :
950 1656 1113 1701 malitiae
1127 1669 1263 1700 autem
1279 1655 1516 1702 adhaerentis
1534 1657 1650 1700 nullo
1664 1655 1795 1702 modo
1807 1656 1864 1703 est
1877 1658 1998 1721 parti-1

385 1735 488 1782 ceps.
524 1723 634 1768 Sicut
646 1724 767 1767 etiam
783 1720 970 1767 homines
983 1726 1025 1767 δε
1038 1722 1200 1782 angelos
1215 1736 1439 1782 peccatores
1454 1725 1571 1768 Deus
1582 1722 1733 1767 virtute
1745 1723 1810 1767 sua
1844 1722 1991 1769 susten-
2048 1740 2067 1779 φ,
2092 1775 2093 1780 ¹

380 1798 483 1839 tans,
497 1802 548 1832 ne
560 1789 602 1832 in
620 1787 796 1834 nihilum
811 1803 943 1839 ruant3
963 1785 1057 1834 ideo
1073 1787 1278 1831 malorum
1292 1786 1511 1833 habituum
1528 1822 1540 1842 ‚
1555 1788 1628 1849 qui
1641 1803 1721 1833 una
1735 1794 2007 1850 permanent}
2042 1845 2045 1847 ¹
2090 1819 2091 1827 κ

381 1851 647 1898 nullo-modo
664 1853 776 1899 causa
790 1853 860 1899 est.

442 1921 534 1963 LX.
579 1923 731 1979 Neque
743 1918 892 1974 obstat,
909 1920 1050 1965 aetum
1065 1924 1183 1967 illum
1199 1953 1210 1973 ‚
1226 1918 1390 1965 simulac
1405 1921 1538 1965 oritur
1551 1954 1563 1974 ‚
1592 1921 1636 1964 in
1647 1920 1723 1965 suis
1735 1918 1992 1966 circumstan-

374 1983 438 2028 tiis
450 1988 493 2028 &
504 2001 601 2030 cum
615 1985 687 2030 suo
701 1984 868 2044 obje&o
881 1982 1094 2033 necessario
1108 1987 1265 2034 malum
1278 1983 1352 2030 esse
1367 2019 1379 2039 ‚
1393 1983 1578 2046 adeoque
1591 1984 1849 2048 prohibitum
1864 1983 1994 2032 :illud

372 2050 482 2094 enim
496 2065 719 2096 creaturam
732 2065 894 2097 tantum
908 2051 1058 2114 speetat
1071 2088 1084 2108 ,
1112 2053 1180 2099 cui
1194 2051 1325 2114 posita
1337 2052 1400 2095 lex
1414 2050 1470 2096 est
1482 2068 1493 2103 ;
1513 2067 1599 2096 non
1613 2067 1711 2096 vero
1724 2054 1867 2097 Deum
1878 2084 1891 2106 ,
1919 2052 1989 2112 qui

370 2115 444 2159 sub
466 2114 538 2161 ista
550 2117 635 2180 lege
657 2133 745 2162 non
773 2115 843 2162 est.
881 2121 943 2163 Ita
956 2116 1065 2164 idem
1081 2120 1161 2181 agit
1174 2121 1343 2164 Deus&
1368 2113 1583 2179 Assyrius,
1623 2119 1696 2178 qui
1709 2116 1986 2175 fuitficurbsin

368 2195 495 2226 manu
511 2183 592 2228 Dei
605 2184 779 2229 caedentis
794 2183 840 2228 ea
854 2217 867 2238 ‚
902 2183 1062 2241 &serra
1077 2186 1160 2231 Dei
1173 2185 1351 2230 ducenttis
1376 2201 1481 2229 eam.
1516 2183 1583 2230 Es.
1604 2198 1669 2228 10:
1686 2195 1752 2243 ις.
1804 2184 1986 2236 Deusta-

364 2261 459 2290 men
477 2245 561 2294 sme
572 2249 708 2310 culpa,
726 2246 793 2295 hic
810 2250 967 2297 contra.

430 2316 544 2360 LXI.
579 2315 675 2360 Alia
688 2328 825 2360 autem
837 2313 1108 2364 consideratio
1121 2314 1179 2363 est
1191 2315 1421 2362 vitiositatis
1445 2315 1511 2360 seu
1539 2329 1685 2376 άνομὶας
1713 2315 1903 2360 aetionis:
1935 2313 1982 2359 ir.

361 2377 438 2423 Iius
448 2381 573 2433 enim,
587 2397 684 2426 cum
696 2397 750 2427 ex
762 2381 798 2426 se
809 2379 912 2427 nihil
925 2381 989 2438 sit,
1008 2387 1052 2429 δε
1071 2384 1249 2447 privatio
1264 2395 1424 2427 tantum
1441 2382 1544 2427 boni
1559 2418 1572 2434 ,
1600 2398 1686 2427 non
1713 2395 1799 2428 tam
1813 2377 1982 2426 efficiens

359 2459 488 2503 quam
501 2443 691 2492 deficiens
701 2448 812 2492 causa
826 2446 1034 2495 statuenda
1045 2448 1114 2495 est.
1164 2448 1249 2494 Hic
1274 2464 1371 2510 ergo
1386 2452 1501 2494 Deus
1517 2447 1704 2511 negative
1730 2447 1804 2492 sese
1836 2444 1950 2491 habet
1959 2475 1980 2497 ,z

352 2523 430 2554 nos
445 2510 547 2556 vero
558 2512 783 2575 privative;
821 2514 918 2575 quia
944 2516 1145 2561 nimirum
1170 2516 1307 2575 aliqua
1324 2513 1521 2577 perfeetio
1530 2530 1581 2559 ne
1605 2515 1724 2558 nobis
1748 2511 1880 2558 debita
1908 2524 1978 2553 nos

350 2576 557 2635 privamus
567 2611 581 2633 ,
606 2579 720 2625 τεᾶο
732 2595 877 2642 nempe
891 2581 965 2627 usu
978 2581 1129 2629 arbitrii
1143 2579 1271 2627 nostri
1285 2595 1303 2645 ¹3
1320 2596 1414 2643 quae
1429 2580 1517 2643 imp
1531 2579 1737 2628 effeetioa
1748 2578 1865 2624 nobis
1894 2572 1977 2646 είξφ

1884 2653 1980 2701 qula
