2178 2906
29 1197 196 1296 ys&-

525 144 600 191 330
863 127 1506 175 Lin.I.CA1³tr·r
1582 127 1811 175 XLIV.

529 206 610 270 jam
623 218 746 268 patet,
759 203 864 268 quid
876 204 928 252 de
940 205 1042 263 casti,
1048 207 1236 267 fortuna,
1240 206 1347 264 ffirte
1359 207 1501 266 &fato
1512 203 1775 251 statuendum
1788 204 1851 252 fit.

597 275 762 320 XVIII.
795 272 905 318 Casu
928 288 972 317 ac
993 271 1161 317 fortuna
1173 287 1216 317 ea
1239 271 1328 316 fieri
1340 269 1535 317 dicuntur
1547 288 1640 333 quae
1652 269 1884 334 dependent
1907 271 1929 317 ὲ
1963 269 2149 318 fortuito·

532 338 739 384 causarum
752 337 965 391 concursu,
977 338 1156 400 respectu
1168 339 1375 383 causarum
1388 335 1653 383 secundarum
1666 371 1678 392 ,
1693 342 1734 382 ὃ(
1747 353 1933 398 quorum
1945 333 2142 384 eventum'

533 420 621 449 non
634 402 831 450 habemus
853 405 895 449 in
919 402 1058 448 nostra
1073 402 1282 465 potestate.
1316 404 1525 465 Imprimis
1546 404 1654 449 casus
1663 401 1938 449 consideratur
1960 404 2002 448 in
2016 404 2060 448 iis
2071 420 2132 449 re-

534 470 609 514 bus
622 503 633 523 ,
670 471 712 514 in
725 470 876 530 quibus
888 470 997 514 nulla
1009 467 1232 514 hominurn
1245 485 1367 532 opera
1379 470 1442 514 vel
1465 469 1679 514 arbitrium
1702 467 1911 514 intercedit
1927 487 1937 514 :
1971 467 2134 514 fortuna

533 549 676 580 contra
688 569 700 589 ‚
737 533 907 596 quando
922 534 1014 580 finis
1031 535 1081 580 ab
1094 532 1273 580 humana
1297 535 1509 580 voluntate
1520 536 1698 580 intentus
1711 534 1799 580 casu
1812 533 2000 596 quodam
2013 536 2133 580 inter-

530 602 679 663 cipitur
691 605 733 646 &
745 601 947 646 turbatur.

595 670 940 712 XIX.Fortunam
953 680 1150 727 tanquam
1163 670 1297 713 Deam
1312 668 1519 714 Gentium
1533 663 1759 729 superstitio
1773 667 1875 713 olim
1888 663 2134 721 introduxit,
2151 681 2153 686 ⁴

530 734 652 792 eique
663 749 724 777 eas
737 729 946 795 assignavit
959 746 1085 794 partes
1097 767 1108 784 ‚
1148 746 1195 778 ut
1209 749 1252 778 ea
1265 733 1306 776 in
1320 730 1483 777 mundo
1497 746 1648 794 regeret
1662 766 1674 786 ,
1699 748 1793 792 quae
1807 745 1929 778 certas
1940 733 1982 776 in
1994 745 2134 777 natura
2146 744 2152 762 ὲ

530 797 659 843 causas
670 814 756 842 non
770 796 919 843 habent
934 817 943 843 τ
969 796 1094 858 idque
1106 800 1252 860 partim
1267 814 1318 843 ex
1342 800 1570 860 ignorantia
1583 832 1595 851 ‚
1630 814 1712 858 qua
1724 796 2025 860 providentiam
2049 798 2132 843 Dei

531 879 619 907 non
633 863 909 925 agnoscebam
925 866 1072 926 partim
1086 881 1135 908 ex
1148 863 1316 926 profana
1328 862 1507 924 quadam
1519 864 1751 926 licentiaxut
1763 866 1859 908 Deo
1873 864 1894 908 a
1906 878 2043 908 rerum
2055 861 2131 908 hu-

533 945 628 974 man
634 946 749 973 arum
761 929 858 974 cura
870 943 1029 983 amoto,
1042 929 1160 975 rebus
1172 931 1295 976 veluti
1310 930 1550 993 perturbatis
1562 929 1597 973 se
1608 929 1861 974 involverent
1874 962 1886 982 ,
1914 932 1958 974 δε
1970 943 2132 992 peccan-
2150 968 2154 972 .

533 993 576 1039 di
588 995 789 1040 licentiam
802 997 1045 1050 invenirent,
1058 996 1175 1040 nullo
1189 994 1375 1041 videlicet
1386 993 1576 1040 scelerum
1588 993 1686 1040 teste
1699 995 1761 1039 vel
1774 993 1945 1040 vindice.
2003 1026 2007 1029 -

371 1086 488 1134 Qum
599 1062 693 1105 XX.
726 1062 930 1122 Scriptura
963 1077 1062 1106 vero
1096 1061 1331 1106 universum
1355 1059 1464 1105 istud
1487 1059 1662 1105 fortunae
1675 1075 1847 1122 regnum
1873 1060 2030 1121 penitus
2040 1074 2134 1122 pro..

310 1138 489 1187 proscribit
539 1124 685 1179 scribit,
697 1124 800 1171 dum
814 1142 872 1171 res
884 1127 1065 1171 maxime
1077 1125 1264 1172 fortuitas
1275 1131 1316 1172 δε
1330 1126 1495 1171 casuales
1518 1126 1540 1170 a
1553 1127 1635 1171 Dei
1658 1123 1913 1187 providentia
1923 1126 2134 1187 gubernari

319 1195 503 1243 Scriptura3
537 1189 718 1236 testatur.
752 1196 875 1237 Dixit
888 1191 1110 1237 Abraham
1124 1225 1137 1246 ‚
1171 1197 1286 1238 Deus
1309 1190 1382 1254 ipft’
1389 1193 1584 1254 prospiciet
1592 1191 1660 1246 fibi
1671 1192 1717 1236 de
1721 1192 1868 1254 pecude
1889 1193 1947 1236 ad
1955 1191 2136 1237 holocau-

523 1257 652 1319 stum.
696 1260 843 1319 Qum
854 1272 994 1302 autem
997 1256 1172 1314 sublatis
1185 1257 1390 1315 oculissuis
1401 1260 1583 1319 aspiceret
1595 1290 1608 1311 ‚
1630 1274 1712 1302 ecce
1724 1265 1888 1302 arietem
1901 1265 1971 1318 qui
1992 1270 2136 1302 retror-
2163 1253 2168 1258 ⁴

527 1321 624 1380 siim
639 1323 848 1368 tenebatur
859 1331 900 1366 i'n
909 1325 1090 1385 perplexo
1113 1322 1292 1387 cornibiis
1304 1323 1402 1381 fiiis.
1436 1324 1548 1368 Gen.
1565 1339 1632 1367 22:
1649 1323 1690 1375 8,
1710 1339 1768 1383 13.
1804 1327 1865 1367 Ita
1878 1325 1993 1368 Deus
2005 1321 2137 1367 Abra-

540 1385 654 1433 hami
666 1387 778 1433 servo
802 1388 973 1433 obviam
985 1386 1098 1433 dedit
1110 1388 1341 1435 Rebeccam
1354 1388 1537 1435 futuram
1561 1389 1678 1434 Issiaci
1702 1388 1899 1449 sponsam.
1935 1389 2046 1434 Gen.
2066 1402 2132 1448 24:

547 1469 564 1498 1
575 1470 613 1498 2.
626 1457 667 1498 &
681 1455 793 1514 stqq.
818 1458 940 1499 Dixit
951 1454 1064 1510 lſszac
1063 1455 1151 1514 filio
1153 1454 1228 1511 suo
1244 1473 1253 1499 :
1268 1454 1581 1519 quidproperasti
1604 1461 1782 1498 invenire
1794 1460 1813 1499 ?
1837 1452 1911 1514 qui
1924 1452 2080 1500 factum
2091 1465 2136 1499 ut

539 1532 626 1565 tam
638 1518 725 1565 cito
738 1521 936 1565 inveneris
948 1521 1206 1566 venationem
1222 1528 1241 1567 ἓ
1256 1527 1303 1573 &
1326 1520 1430 1565 dixit
1441 1552 1454 1573 ‚
1487 1527 1585 1581 quia
1598 1524 1797 1565 Dominus
1821 1523 1932 1565 Deus
1944 1520 2138 1580 tuusfecit

542 1585 642 1644 mihi
654 1602 868 1631 occurrere.
880 1586 990 1630 Gen.
999 1602 1068 1647 27:
1086 1603 1155 1641 20.
1190 1585 1382 1654 finepeo
1394 1601 1445 1630 ne
1451 1585 1692 1647 paffi’rculus
1704 1582 1874 1645 quidem
1888 1586 1994 1630 cadit
2004 1592 2044 1629 in
2058 1599 2136 1629 ter-

542 1636 651 1703 mffa,
664 1648 747 1694 imi?
758 1654 889 1713 capilli
902 1642 1037 1713 c'apffis
1047 1642 1396 1697 omnbs‘hb'ib'r'ati
1411 1653 1523 1708 sunt.
1558 1648 1718 1695 Matth.
1728 1666 1792 1695 10:
1810 1667 1830 1694 2
1835 1667 1949 1711 930.
1987 1656 2136 1710 Qum

546 1716 712 1760 Barbari
726 1716 957 1762 Melitenses
969 1716 1151 1763 viderent
1164 1719 1342 1780 viperam
1357 1716 1379 1761 ὲ
1392 1716 1524 1761 calore
1536 1713 1808 1777 prodeuntem
1821 1749 1834 1770 ,
1847 1714 2088 1778 pendentem
2113 1712 2134 1759 ὲ

543 1796 670 1825 manu
695 1783 808 1829 Eauli
821 1798 947 1842 quam
962 1784 1180 1845 arripuerat
1193 1817 1205 1837 ‚
1219 1780 1409 1827 dixerunt
1424 1801 1434 1827 z
1459 1782 1673 1832 Homicida
1685 1781 1735 1840 est
1760 1782 1874 1826 homo
1887 1781 1952 1842 iste
1964 1815 1976 1836 ‚
1989 1797 2126 1843 quem,
2145 1787 2147 1789 ’

536 1846 747 1909 postquam
747 1847 894 1904 salvus
905 1851 1029 1909 evasit
1041 1848 1060 1893 ὲ
1071 1855 1179 1893 mari
1191 1882 1204 1902 ‚
1217 1850 1315 1893 ultio
1328 1866 1404 1892 non
1401 1849 1507 1907 sivit
1517 1854 1666 1892 vivere.
1694 1847 1795 1892 Aet.
1811 1847 1884 1893 28:
1901 1863 1934 1908 3,
1954 1862 1998 1907 4.

348 1915 525 1955 Reducunt
609 1915 724 1957 XXI.
760 1912 990 1959 Reducunt
1002 1927 1139 1959 autem
1153 1930 1240 1958 eam
1253 1913 1326 1958 sub
1339 1914 1417 1958 alio
1430 1913 1600 1957 nomine
1611 1911 1855 1958 Remonstr.
1869 1916 1911 1957 &
1924 1913 2011 1962 alii,
2037 1909 2135 1956 dum

325 1975 469 2007 Reman·
544 1976 719 2023 radicem
733 1980 1020 2041 contingentiae
1034 1979 1278 2025 &libertatis
1290 1977 1481 2024 humanae
1493 1991 1605 2023 extra
1618 1981 1761 2024 Deum
1773 1979 1816 2023 in
1829 1978 1945 2024 rebus
1958 1975 2049 2039 ipfis
2060 2009 2073 2031 ‚
2095 1978 2136 2021 δε

321 2019 529 2115 ξῖὶζῖῗαῖ
547 2046 746 2106 praecipue
759 2045 801 2088 in
814 2046 1026 2090 voluntate
1037 2043 1217 2090 humana
1231 2046 1434 2091 collocant
1449 2062 1459 2089 ι
1489 2048 1531 2089 &
1546 2047 1687 2090 Deum
1711 2045 1884 2106 generali
1895 2056 2055 2088 tantum
2077 2042 2158 2086 in-‚

326 2083 468 2171 margine.
548 2108 668 2155 fluxu
680 2143 692 2163 ‚
717 2112 791 2169 qui
804 2111 854 2156 ab
864 2109 1047 2156 hominis
1059 2111 1225 2156 arbitrio
1237 2147 1249 2162 ,
1287 2111 1387 2173 saepe
1398 2112 1439 2155 in
1453 2109 1556 2157 fines
1570 2109 1694 2172 longe
1708 2110 1820 2162 alios,
1836 2107 2143 2160 determinetur,¹

544 2192 659 2238 agere
671 2177 838 2224 volunt:
852 2178 983 2222 multa
994 2178 1115 2221 etiam
1128 2175 1178 2222 ad
1190 2174 1345 2222 nudam
1358 2177 1441 2223 Dei
1452 2172 1770 2240 permistionem,
1786 2192 1879 2236 quae
1892 2188 2027 2221 tamen
2037 2169 2136 2234 inef-⁴

541 2240 648 2287 ficax
673 2239 736 2297 fit,
749 2259 820 2289 nec
832 2259 918 2288 rem
931 2239 1160 2305 permissam
1173 2239 1383 2288 neceffario
1396 2257 1538 2305 ponat,
1550 2240 1742 2287 referunt.

327 2314 453 2357 SoRs.
608 2310 747 2355 XXII.
781 2311 907 2355 Sortis
919 2325 1018 2354 voce
1030 2310 1163 2354 notari
1176 2309 1273 2355 solet
1284 2322 1449 2354 eventus
1461 2309 1604 2369 aliquis
1616 2308 1854 2369 contingens
1862 2339 1875 2360 ‚
1892 2304 2007 2365 cujus
2017 2299 2135 2350 veluti

543 2372 711 2418 arbitrio
724 2375 810 2420 lites
822 2375 1074 2437 explicantur
1088 2376 1152 2421 vel
1165 2373 1418 2420 dirimuntur
1431 2390 1507 2429 ‚ex
1519 2374 1641 2437 pacto
1654 2371 1737 2418 five
1748 2370 1937 2418 instituto
1970 2368 2130 2418 divino,

541 2440 605 2483 vel
617 2436 816 2486 humano,
856 2445 893 2486 A
901 2454 1000 2501 tque
1012 2439 1115 2487 adeo
1142 2438 1242 2486 nihil
1255 2439 1364 2487 aliud
1376 2457 1420 2485 ea
1430 2439 1529 2486 dicit
1541 2474 1554 2491 ‚
1581 2455 1710 2500 quam
1723 2436 1950 2483 instabilem
1962 2440 2004 2481 &
2015 2436 2135 2480 incer-

539 2517 631 2550 tum
644 2504 908 2551 secundarum
922 2507 1128 2552 causarum
1141 2507 1319 2570 respectu
1332 2505 1461 2552 nostri
1483 2504 1728 2552 concursum
1742 2538 1756 2559 ,
1791 2518 1969 2565 quarum
1980 2509 2135 2547 eventus

539 2568 728 2632 potestati
741 2570 889 2620 nostrae
903 2571 1105 2634 subjectus
1117 2588 1204 2620 non
1217 2571 1288 2630 est,
1301 2586 1426 2637 atque
1435 2569 1658 2622 identidem
1671 2571 1821 2623 variare
1831 2566 1977 2634 potest·

1979 2627 2130 2683 XXIII.

335 257 487 301 Casus

312 312 360 360 ό·
393 313 513 354 Fon-

315 381 458 410 TUM.

299 539 317 556 Ᾰ
