2116 2901
815 62 836 79 b

0 146 2 176 ι
341 126 449 170 DE
516 125 1077 172 N0M1N1Bus
1146 127 1332 173 Dan
1600 143 1658 186 99

0 210 3 258 ῗ
90 211 232 257 XVI.
268 222 309 267 4.
347 213 649 254 Socinianorum
674 210 882 271 impietas,
917 210 1049 272 plures
1070 207 1168 255 deos
1191 206 1662 256 effentiainterlediver-
1686 221 1746 253 ιν.
1777 215 1880 272 soci--

0 266 3 323 l
23 276 88 323 sos
112 276 356 339 ponentium
371 309 383 328 ‚
406 273 511 320 dum
538 275 741 334 Chrzstum
770 278 911 320 Deum
937 274 1094 320 saelum
1120 274 1296 330 docent,
1329 281 1372 322 &
1397 278 1501 321 inter
1511 279 1661 324 Deum
1680 269 1762 309 ”W
1776 267 1881 318 [mus-

0 342 3 391 ἒ
27 342 238 388 summum
252 345 294 386 ὃς
307 344 451 387 Deum
465 342 539 400 qui
553 338 609 385 est
623 340 696 385 sub
708 340 875 385 summo
887 339 1159 403 distinguunt.
1197 346 1238 387 A
1253 343 1336 402 qua
1352 350 1552 405 imptetate
1575 359 1663 388 non

0 408 4 454 i
26 408 149 470 longe
173 405 280 452 abest
310 407 535 470 Epzsc'opius
546 439 559 458 ‚
589 407 663 466 qui
676 405 941 468 personarum
955 409 1205 453 Trinitatem
1219 424 1316 452 cum
1330 405 1500 453 ess'entiae
1514 406 1665 454 divinae

0 476 4 517 ἶ
27 471 361 518 subordinatione
386 473 571 534 concepit
599 490 608 516 :
634 488 732 517 cum
756 486 891 517 tamen
916 478 958 518 δε
985 475 1201 536 Scripturae
1226 477 1269 518 ὃς
1293 476 1444 523 rationi
1465 488 1663 537 repugnet

2 563 4 574 =
27 541 238 602 concipere
249 541 392 585 Deum
410 540 589 600 aliquem
602 535 930 595 subordinatum,
948 543 990 585 δε
1005 554 1092 584 non
1105 539 1330 586 summum.

353 710 422 783 =e
499 711 559 764 A
636 713 675 764 P
753 713 804 764 U
879 714 927 764 T
1061 713 1116 766 X
1165 713 1214 763 v
1266 712 1305 763 1:

449 849 558 919 De
612 843 1007 920 NJminibus
1061 850 1213 921 Dei.

361 1013 446 1062 Ost
469 1016 553 1062 Dei
567 1014 821 1063 existentiam
835 1017 1017 1079 sequitur
1029 1016 1115 1076 ejus
1129 1018 1323 1063 divinitas
1345 1051 1357 1071 ,
1383 1015 1664 1079 cognoscenda
1688 1036 1702 1061 i
1716 1017 1875 1060 ‘onim

100 1109 113 1126 s
176 1115 189 1125 .
226 1087 241 1091 ⁸
298 1121 307 1141 λ
360 1097 453 1128 tum
475 1099 526 1128 ex
548 1082 772 1129 nominibus
786 1117 798 1138 ,
813 1083 1316 1145 quibuslemanifestavit3
1343 1097 1437 1129 tum
1449 1100 1498 1128 ex
1509 1083 1664 1129 naturai
1689 1079 1762 1115 Dei.

278 1194 290 1209 4
358 1165 454 1207 ejus.

8 1257 10 1264 ,
101 1254 147 1275 Ζ,
192 1211 201 1225 ⁷
264 1231 273 1234 -
296 1252 298 1254 ,
413 1220 434 1261 Ι
447 1218 480 1260 Ι.
517 1217 688 1261 Nomen
713 1217 848 1262 Deiin
861 1217 1065 1280 Scriptura
1079 1215 1277 1280 fignificat
1289 1215 1331 1262 id
1345 1232 1471 1262 omne
1483 1214 1603 1277 quod
1615 1214 1667 1262 de

6 1275 10 1310 *s
29 1281 126 1327 Deo
140 1285 329 1343 cognosci
346 1299 389 1329 ac
402 1280 606 1344 praedicari
618 1281 752 1344 potest
770 1299 781 1333 ;
797 1287 841 1328 &
853 1297 945 1329 tum
961 1287 1104 1329 Deum
1118 1285 1263 1346 ipsum,
1280 1298 1374 1329 tum
1388 1285 1529 1327 omnia
1542 1282 1666 1345 ipfius

8 1344 221 1392 attributa
244 1345 565 1412 comprehendit.
621 1347 754 1394 Unde
778 1353 821 1394 &
845 1350 1046 1395 veteribus
1069 1350 1261 1395 attributa
1287 1351 1372 1395 Dei
1397 1350 1569 1393 nomina
1581 1347 1666 1407 ejus

9 1431 11 1441 ·
27 1410 138 1458 dieta
154 1431 164 1456 :
195 1430 288 1474 quae
313 1417 422 1460 enim
440 1413 631 1460 attributa
645 1412 832 1468 dicimus,
856 1432 952 1461 cum
967 1414 1017 1461 ad
1030 1419 1173 1461 Deum
1187 1414 1419 1461 referuntur
1432 1416 1497 1460 cui
1510 1431 1664 1459 conve-

8 1480 12 1522 ,ἱ
29 1479 149 1522 niunt
161 1512 173 1530 ,
205 1495 248 1525 ea
261 1483 432 1526 nomina
443 1481 548 1524 iliius
560 1479 741 1542 respeem
753 1481 897 1535 nostri,
922 1495 1122 1542 quatenus
1134 1498 1211 1527 nos
1225 1484 1268 1527 in
1282 1482 1364 1528 Dei
1377 1481 1661 1542 cognitionem

10 1554 12 1593 ζ
28 1542 300 1593 introducunt
309 1583 320 1598 ,
344 1547 606 1610 appellantur.
632 1549 725 1592 Nos
738 1564 836 1592 vero
851 1546 1044 1593 distinete
1055 1547 1106 1593 de
1119 1548 1300 1609 utrisque
1312 1563 1490 1610 agemus.

93 1613 116 1655 Ι
138 1613 200 1656 ΙΙ.
238 1616 293 1659 Et
306 1614 476 1658 nomine
489 1609 659 1673 quidem
673 1613 838 1676 proprie
852 1618 968 1660 Deus
981 1630 1067 1659 non
1081 1629 1185 1676 eget,
1203 1631 1299 1659 cum
1315 1615 1473 1667 unicus,
1485 1617 1529 1658 δε
1542 1611 1662 1667 solus,
1687 1613 1858 1675 Quomodo

11 1673 295 1728 &ineffabilis
310 1677 371 1725 fit.
406 1680 519 1725 Gen.
538 1695 603 1740 32:
619 1695 688 1736 29.
735 1678 838 1743 Jud.
857 1697 918 1741 13:
937 1680 1002 1726 18.
1038 1681 1201 1742 Ecquid
1221 1689 1438 1743 interrogas
1449 1680 1497 1724 de
1508 1687 1663 1723 nomine
1684 1666 1738 1728 'Pfi
1757 1679 1879 1705 conve-

11 1742 145 1789 {meo}
183 1744 361 1807 respectu
389 1744 518 1790 nostri
545 1758 681 1791 tamen
697 1780 709 1800 ,
734 1760 780 1791 ut
794 1751 835 1791 δε
848 1748 870 1791 a
886 1747 1004 1792 nobis
1017 1746 1283 1809 cognoscatur
1301 1781 1313 1801 ,
1328 1751 1370 1791 &
1392 1745 1441 1790 ab
1453 1747 1536 1790 aliis
1546 1746 1666 1791 rebus
1685 1732 1795 1760 mant.

12 1806 274 1855 :discernatur
288 1846 299 1865 ,
323 1812 431 1856 reete
454 1811 694 1874 nomenipfi
708 1812 920 1858 tribuitur.
956 1811 1115 1873 Estque
1137 1811 1240 1859 illud
1252 1810 1437 1858 Ecclefiae
1452 1812 1514 1857 vel
1527 1813 1666 1875 praeci-

12 1870 15 1912 Ϊ
31 1888 163 1937 puum
177 1873 310 1932 decus,
325 1874 446 1938 quod
458 1879 499 1921 in
513 1878 557 1922 ea
572 1881 686 1923 Deus
699 1895 817 1924 verus
830 1879 902 1924 sese
915 1880 1084 1924 nomine
1098 1879 1170 1924 suo
1183 1879 1427 1924 revelaverit.

96 1944 184 1987 IV.
220 1945 335 1988 Cum
360 1957 497 1988 autem
521 1945 693 1989 nomina
717 1942 877 1997 divina,
924 1962 1017 2005 quae
1042 1946 1083 1990 in
1109 1945 1314 2008 Scriptura·
1329 1949 1424 1991 Vet.
1437 1947 1495 1989 T.
1523 1959 1666 1989 occur·
1691 1942 1808 2003 Qam
1823 1953 1887 1980 va·

13 2032 16 2051 λ
33 2021 129 2054 runt
142 2044 153 2061 ,
192 2011 256 2053 vel
269 2009 319 2054 ab
331 2004 490 2054 essentia
503 2008 587 2068 ejus
599 2012 721 2071 petita
735 2009 813 2056 sint
827 2045 838 2064 ‚
863 2024 910 2056 ut
929 2010 1115 2073 Jehovcz,
1128 2016 1167 2056 E
1171 2011 1280 2071 hjeh,
1293 2010 1390 2073 Jah
1403 2045 1415 2065 ,
1442 2010 1593 2071 quibus
1607 2027 1669 2056 re-
1690 2009 1740 2033 '¹³
1752 1995 1828 2043 fin‘·

14 2072 200 2135 'spondet
214 2090 366 2120 nomen
393 2086 524 2136 Kvplgt
562 2076 625 2120 vel
650 2077 672 2120 a
698 2074 968 2131 fortitudine,
995 2092 1040 2123 ut
1054 2081 1111 2123 El
1138 2097 1147 2123 :
1174 2078 1397 2123 velacultu
1424 2090 1493 2122 aut
1507 2074 1667 2135 adjura-

33 2139 145 2185 tione
158 2175 170 2195 ,
197 2154 242 2185 ut
253 2141 415 2186 Eloht'm
432 2160 441 2186 ε
467 2142 531 2187 vel
543 2143 565 2186 a
578 2138 816 2190 sufficientia
830 2157 898 2188 aut
911 2144 1214 2206 omnipotentia
1228 2177 1240 2198 ,
1255 2157 1301 2188 ut
1314 2143 1514 2189 Schaddaz·
1530 2162 1539 2186 ι
1566 2144 1628 2187 vel
1642 2144 1664 2189 a

16 2242 17 2247 ,
33 2201 223 2251 dominio
245 2206 352 2266 ejus,
384 2222 430 2254 ut
444 2210 628 2253 Adonai:
657 2210 720 2253 vel
734 2209 784 2254 ab
796 2208 1030 2261 excelfitate,
1047 2223 1092 2255 ut
1104 2214 1142 2254 E
1147 2213 1229 2272 ljon
1245 2229 1254 2254 ε
1284 2211 1347 2254 vel
1361 2210 1410 2254 ab
1424 2209 1663 2254 exercitibus

34 2267 117 2328 ejus
130 2305 141 2325 ,
170 2286 215 2318 ut
233 2273 439 2324 Zebazoth3
467 2275 663 2319 omnium
687 2277 941 2337 praecipuum
955 2280 997 2321 &
1010 2275 1222 2321 summum
1236 2274 1292 2321 est
1306 2291 1460 2320 nornen
1474 2274 1660 2337 Jehova‚

16 2336 153 2396 1quod
176 2338 226 2383 ab
251 2353 348 2399 Πνῃ
372 2340 435 2385 vel
460 2352 560 2400 Γηῃ
584 2341 676 2401 effl’,
703 2341 879 2401 existere,
903 2339 1145 2394 deduetum,
1175 2345 1270 2391 cum
1298 2338 1528 2397 essentiam,
1565 2355 1660 2386 tum

37 2399 342 2459 essentiatorem,
357 2407 376 2450 a
391 2422 480 2467 quo
493 2408 635 2451 omnia
652 2407 671 2450 s
670 2422 758 2455 unt,
774 2405 985 2469 fignificat.

100 2474 156 2517 V.
193 2474 362 2516 Nomen
376 2469 457 2517 hoc
469 2473 685 2535 proprium
699 2472 770 2527 est,
786 2490 871 2518 non
887 2475 1189 2537 appellativum.
1216 2473 1356 2521 Exod.
1373 2476 1400 2517 6
1407 2494 1414 2515 .-
1435 2491 1467 2527 2..
1489 2475 1568 2539 Jefi
1585 2491 1658 2536 42:
1686 2478 1815 2511 Nomen

19 2532 78 2580 ,8.
114 2539 197 2599 Ego
214 2537 307 2593 sitm
332 2536 527 2599 Jehova,
553 2539 623 2583 hoc
634 2539 686 2597 ‘st
697 2558 837 2584 nomen
851 2558 986 2585 meum
1003 2559 1011 2585 :
1027 2540 1138 2587 unde
1150 2542 1329 2588 absolute
1361 2535 1470 2578 0⁹9³
1503 2560 1659 2595 nomen,
1687 2530 1868 2574 Jfflmffi·

20 2640 21 2644 ,
38 2596 182 2650 dicitur
206 2619 216 2654 3
237 2601 391 2665 Judaeis
424 2604 556 2655 032²]
591 2598 710 2664 ΒΨ]
754 2624 895 2654 nomen
926 2605 1148 2667 [itbstantiae
1172 2642 1186 2664 ,
1230 2607 1368 2658 '212³'qu
1404 2608 1486 2648 ΒΨ
1518 2627 1661 2654 nomen

992 2675 1039 2719 N
1077 2689 1100 2719 2.
1571 2691 1664 2737 pro-
