2313 2999
4 1268 9 1334 1

6 1345 9 1353 .

5 1363 9 1388 l

9 514 10 517 Ἴ
82 476 118 520 3:
146 460 187 505 8.
215 462 319 504 Non
345 459 456 504 enim
487 457 621 520 potest
633 460 753 521 pietas
765 457 840 504 effe

382 173 467 220 DE
506 175 888 222 RELIGIONE
922 176 967 221 &
999 173 1399 223 Tnzoiocm:
1469 171 1479 186 ¹
1677 186 1713 231 7

7 297 10 304 ,
77 259 291 312 fidelibus,
319 274 368 307 ut
392 262 638 324 impleantur
658 268 855 325 agnitione
877 265 1100 309 voluntatis
1122 268 1216 318 Dei,
1229 282 1322 311 cnm
1334 272 1441 310 omni
1442 259 1641 329 snpientia
1655 271 1704 318 ὠ·

7 362 10 393 T
79 331 333 391 intelligentia
345 330 574 390 spirituali,
598 330 806 384 crescentes
824 336 866 373 in
891 336 1086 391 agnitione
1110 334 1204 376 Dei.
1229 332 1325 376 Col.
1346 348 1379 376 1:
1395 349 1440 389 9,
1458 348 1523 378 10.
1543 346 1703 393 propter

78 412 208 457 qnam
220 400 362 438 notitiae
373 393 430 456 J.
446 392 589 453 Christi
601 400 857 439 eminentiam
853 394 943 504 [μβ
957 403 1090 440 omnia
1101 396 1300 441 damnum
1311 397 1378 457 effe
1390 396 1577 450 ducebat,
1595 393 1703 442 Phil.

869 413 882 438 Ζ

870 476 935 504 ine
947 461 1042 505 verti.
1055 459 1137 506 fide
1149 477 1160 511 3
1177 477 1311 522 neque
1323 460 1410 507 haec
1424 461 1506 507 s1ne
1517 478 1610 507 vera
1628 477 1706 506 no-

78 526 178 570 titia.
203 527 224 568 Ι
228 540 299 568 mo
324 524 422 569 silus
433 523 570 570 nostra
582 540 667 569 non
682 538 767 570 tam
779 541 902 588 opere
911 525 1071 581 nostro,
1086 543 1214 587 quam
1226 543 1348 590 opere
1359 527 1490 588 Dei,ej
1496 529 1622 588 usque
1633 543 1706 572 co-

79 591 264 653 gnitione
277 606 319 635 ac
333 587 498 643 fiducia,
512 589 682 636 constat.
718 590 789 635 Isti
803 605 939 636 autem
951 608 1079 637 omne
1091 592 1352 654 mysterium,
1376 609 1632 654 omnemque
1656 590 1709 637 fi-

83 655 149 701 dei
161 656 354 700 notitiam
368 655 389 700 ὲ
403 656 597 719 religione
607 657 874 711 eliminantes,
887 658 997 702 illam
1011 659 1051 702 in
1065 655 1368 721 philosophiam
1381 659 1447 704 {eu
1458 658 1710 721 disciplinam

84 719 285 766 duntaxat
308 721 506 767 moralem
524 726 568 766 &
580 719 771 767 Ethicam
787 757 799 775 ‚
825 739 918 783 quae
931 724 1126 769 omnibus
1137 722 1380 770 hominibus
1393 726 1627 770 communis
1639 720 1714 770 effe

83 784 208 850 poff1t
221 821 233 841 ‚
247 800 507 833 convertunt.
521 788 728 848 Alioquin
741 788 980 850 religionem
993 806 1164 835 omnem
1178 794 1221 835 &
1234 790 1410 835 verbum
1423 793 1506 837 Dei
1517 803 1658 836 totum
1670 792 1728 846 in,

85 851 219 891 ὄνπλῆν
242 857 285 897 &
309 851 523 900 ἒπννλῖὕν
547 854 794 899 mandatum
809 860 857 908 &⁹
869 856 1213 901 denunciationem
1226 890 1239 910 ‚
1264 855 1409 901 resolvi
1421 854 1531 919 posse
1550 873 1599 901 ex
1611 872 1710 901 mo-

86 917 144 964 do
158 918 277 964 dictis
287 935 408 981 patet.

152 988 192 1030 X
204 987 247 1032 V
259 990 279 1030 Ι
293 990 313 1031 Ι
327 991 361 1033 Ι.
396 986 628 1048 Religionis
651 998 786 1030 autem
810 1003 913 1032 verae
928 999 1037 1031 notae
1050 982 1142 1033 duae
1155 988 1356 1050 praecipue
1370 988 1464 1034 sunt
1503 1005 1537 1034 Ι.
1569 989 1609 1034 Si
1632 986 1711 1033 do-
1733 995 1780 1045 ὅ·
1791 1009 1887 1037 nors.

88 1064 172 1097 teat
184 1067 329 1096 verum
343 1051 545 1105 medium,
559 1067 647 1112 quo
660 1048 858 1113 poffimus
870 1054 912 1096 in
924 1066 1167 1114 perpetuum
1181 1055 1289 1098 uniri
1301 1071 1397 1099 cum
1411 1057 1508 1100 Deo
1519 1088 1532 1108 ‚
1563 1058 1606 1099 &
1619 1054 1711 1112 vin-

91 1118 231 1162 culum
247 1119 411 1163 unionis
422 1134 519 1163 cum
532 1133 582 1161 eo
596 1130 767 1179 ruptum
779 1115 1060 1179 redintegrare.
1086 1136 1124 1164 2.
1148 1121 1188 1164 Si
1199 1117 1331 1165 tradat
1341 1121 1544 1164 rationem
1555 1136 1711 1172 veram,

92 1199 175 1243 qua
199 1184 359 1229 cultum
384 1187 481 1230 Deo
504 1196 669 1244 gratum
681 1180 871 1228 exhibere
884 1218 897 1238 ,
926 1182 968 1228 δέ
981 1181 1169 1230 officium
1182 1183 1374 1231 nostrum
1385 1202 1478 1248 erga
1488 1185 1622 1248 ipsum
1633 1184 1712 1230 rite

91 1246 275 1312 praestare
287 1247 499 1312 poffimus.

158 1317 198 1359 X
212 1319 231 1359 Ι
245 1318 296 1360 X.
333 1319 401 1362 Ex
424 1333 513 1377 quo
535 1315 741 1376 sequitur,
764 1315 892 1361 solam
915 1317 1154 1379 religionem
1169 1317 1439 1378 Christianam
1452 1351 1464 1372 ‚
1477 1314 1527 1362 ad
1539 1316 1713 1364 verbum
1734 1312 1815 1361 Q*
1835 1312 1931 1376 inse*

94 1382 179 1427 Dei
205 1380 508 1428 conformatam
520 1416 533 1437 ‚
557 1398 696 1429 veram
708 1378 782 1426 esse
793 1383 1046 1444 religionem.
1084 1381 1361 1429 Christianam
1374 1397 1510 1429 autem
1523 1383 1713 1445 intelligi-
1727 1365 1934 1468 223⁷?

97 1463 190 1492 mus
201 1463 287 1491 non
301 1449 471 1493 nomine
483 1448 616 1493 solum
629 1464 672 1492 ac
683 1449 896 1508 aequivoce
909 1482 921 1502 ‚
947 1449 1077 1509 qualis
1087 1447 1145 1494 est
1167 1454 1467 1496 Socinianornm
1480 1484 1493 1503 ‚
1516 1453 1560 1495 <Sc
1572 1464 1714 1511 quate-

1751 1475 1792 1512 eli
1815 1479 1842 1512 io
1924 1498 1927 1500 -

97 1529 172 1558 nus
183 1514 276 1558 tales
288 1514 379 1560 sunt
392 1548 404 1568 ‚
430 1516 727 1576 Pontificiornm
740 1548 752 1568 ‚
777 1531 820 1559 ac
833 1511 1030 1559 slmilium
1043 1516 1199 1578 religio,
1220 1532 1366 1561 verum
1377 1515 1498 1578 reipsa
1510 1517 1646 1562 talem.
1733 1489 1923 1582 ἓκὲὶινῖξιῖ

164 1582 203 1624 X
216 1581 267 1624 X.
295 1583 364 1627 Ut
377 1595 514 1626 autem
527 1581 667 1643 spuriae
683 1579 868 1641 fiilsaeque
881 1581 1091 1642 religiones
1103 1582 1125 1626 ὲ
1136 1581 1231 1626 verti
1243 1579 1517 1628 discernantur
1529 1615 1541 1636 ‚
1566 1597 1715 1629 notan·
1736 1597 1842 1646 Cujus
1852 1610 1917 1635 ex-

98 1644 202 1691 dum
225 1644 282 1691 est
294 1648 432 1710 primo
442 1648 538 1692 loco
552 1681 564 1702 ‚
587 1647 773 1709 religioni
785 1647 903 1692 omni
915 1645 1109 1693 adverfiiri
1120 1645 1208 1693 duo
1218 1662 1398 1694 extrema
1411 1681 1424 1702 ,
1446 1653 1715 1712 Impietatem‚
1735 1649 1915 1702 trema&

101 1716 145 1757 &
167 1713 484 1775 Superstitionem
498 1732 507 1758 ε
534 1729 713 1774 quarum
728 1714 792 1758 illa
816 1714 1002 1776 religioni
1028 1712 1158 1760 demit
1171 1749 1184 1769 ‚
1209 1712 1295 1760 haec
1306 1713 1537 1778 superaddit
1551 1733 1560 1759 z
1575 1729 1717 1761 contra
1736 1704 1876 1769 (ἸῬΨω

101 1790 363 1840 praeceptum,
388 1783 459 1824 Ne
470 1780 604 1825 addite
616 1779 672 1824 ad
681 1779 853 1825 verbnm
865 1780 964 1826 illud
977 1813 989 1834 ‚
1003 1798 1128 1841 neque
1140 1781 1338 1826 detrahite
1350 1782 1397 1827 de
1409 1799 1465 1827 eo.
1489 1784 1669 1842 Deut.4·
1676 1799 1715 1828 2.
1737 1760 1904 1854 Zrhhmf

169 1845 208 1886 X
221 1846 261 1888 X
275 1849 308 1890 Ι.
323 1849 509 1908 Impietas
521 1843 578 1890 est
592 1846 771 1890 maxima
781 1846 847 1890 illa
860 1850 903 1891 δε
915 1843 1031 1908 quali
1044 1846 1271 1893 universalis
1283 1849 1305 1892 ὲ
1315 1848 1511 1910 religione
1522 1845 1715 1903 deflexio,
1738 1844 1904 1922 Imffm

100 1907 246 1954 εἰτὲβῆα
270 1910 335 1955 seu
357 1910 494 1952 άθεέτης
516 1909 649 1963 diota,
666 1909 779 1971 quafi
804 1912 1004 1974 irreligio,
1032 1928 1126 1973 quae
1138 1914 1181 1957 in
1205 1913 1489 1971 eAtheismum
1513 1909 1717 1977 &Epicu-

20 1955 22 1966 >
86 1976 289 2033 *reifmum
324 1976 360 2021 se
391 1974 604 2023 diffundit.
650 1983 795 2039 Qam
830 1976 1090 2039 subsequitur
1122 1979 1372 2042 Superstitio,
1405 1978 1646 2026 idololatriae
1673 1984 1716 2025 &

103 2040 374 2093 ἒθῑλοθςησκείοκ
397 2044 534 2088 omnis
545 2056 673 2088 mater
685 2048 728 2088 &
744 2044 899 2089 nutrix.
926 2068 937 2077 ·
975 2045 1039 2092 Q,

167 2110 207 2153 X
219 2112 259 2155 X
271 2111 293 2154 Ι
304 2113 338 2155 Ι.
372 2107 448 2154 Est
471 2123 607 2155 autem
630 2109 879 2172 Superstitio,
903 2107 1084 2155 hominis
1094 2113 1238 2156 Deum
1251 2127 1337 2156 non
1351 2112 1651 2175 cognoscentis,
1676 2117 1719 2160 &
1741 2120 1943 2173 supersi-itio,

101 2172 304 2233 judicium
326 2173 409 2232 ejus
422 2172 623 2220 horrentis
645 2175 702 2219 ob
725 2176 876 2220 malam
890 2176 1234 2232 conscientiam,&
1247 2179 1485 2241 temporalia
1496 2179 1607 2224 bona
1618 2195 1722 2242 prae-

104 2241 220 2303 eipue
244 2240 470 2294 ambientis,
484 2241 629 2285 electio
652 2238 809 2301 aliquid
819 2238 980 2286 dicendi
992 2275 1004 2295 ,
1019 2239 1203 2297 faciendi,
1217 2241 1409 2305 patiendi,
1425 2241 1640 2298 offerendi,
1653 2246 1725 2291 ab-

102 2304 330 2352 stinendive
341 2340 353 2360 ‚
378 2319 426 2351 ut
452 2308 507 2351 ita
517 2307 580 2351 vel
593 2307 719 2368 placet
731 2310 875 2352 Deum
889 2340 901 2360 ,
914 2308 977 2353 vel
990 2307 1145 2368 aliquid
1156 2310 1345 2372 impetret
1355 2310 1377 2354 ἒι
1389 2313 1514 2366 Deo,
1549 2308 1726 2372 denique

103 2370 220 2435 super
244 2388 333 2433 quo
358 2388 455 2417 cum
478 2375 575 2418 Deo
587 2373 674 2434 ipso
688 2406 700 2425 ,
725 2371 754 2417 fi
768 2370 810 2417 id
823 2388 910 2417 non
922 2371 1066 2418 habeat
1077 2389 1286 2439 acceptum
1300 2410 1312 2430 ,
1323 2374 1476 2441 jurgari
1500 2372 1623 2439 poffit
1634 2391 1728 2423 tan-

105 2454 233 2499 quam
258 2435 412 2496 injusto
435 2442 478 2483 δε
500 2435 608 2482 duro
621 2436 812 2483 dominO.
851 2437 983 2485 Unde
994 2440 1088 2485 tales
1099 2440 1274 2504 religiosi
1286 2476 1300 2497 ‚
1325 2441 1396 2488 etfi
1410 2459 1549 2488 coram
1562 2443 1725 2490 mundo

106 2501 356 2549 admirabiles
368 2503 446 2550 sint
458 2538 470 2558 ‚
483 2502 580 2565 justi
592 2517 727 2549 tamen
739 2506 875 2550 vocari
889 2521 981 2549 non
989 2503 1170 2566 possunt,
1186 2507 1251 2555 sed
1262 2511 1401 2572 potius
1413 2543 1426 2564 ‚
1444 2522 1492 2555 ut
1503 2509 1611 2555 bene
1625 2512 1725 2561 ,Plu-

106 2569 289 2623 tarchus,
326 2568 496 2615 eandem
519 2586 615 2614 cum
629 2567 752 2616 atheis
765 2569 915 2617 habent
939 2570 1142 2624 walgem.

172 2636 212 2681 X
223 2636 263 2683 X
275 2639 296 2682 Ι
308 2639 329 2683 I
342 2639 375 2684 Ι.
414 2634 602 2684 Secundo
623 2636 720 2684 loco
743 2636 926 2700 graditur
936 2642 1066 2688 Error
1078 2674 1090 2698 ,
1104 2643 1179 2703 qui
1190 2642 1430 2705 religionem
1440 2644 1622 2705 aliquam
1633 2644 1730 2689 reti·
1765 2656 1884 2700 Erro}-

1612 2724 1727 2767 nem,
