2116 2901
334 141 1318 191 DEVoLUN’rA’rEDEn
1586 160 1660 191 121

33 227 116 279 snm
128 228 271 274 ⁴omnia
284 223 386 284 fimt
412 231 460 279 ὠ
482 239 617 271 creata
629 225 744 282 fient.
779 230 918 289 Apoc.
941 243 972 288 4
988 245 997 272 :
1031 245 1046 274 1
1059 245 1094 274 1.
1130 231 1340 274 Vbluntati
1366 229 1455 290 ejus
1478 235 1568 292 quis.
1588 228 1657 274 ob.

36 294 154 358 stistit
179 301 199 341 ?
233 295 368 340 Rom.
393 309 421 349 9
447 310 457 336 t
484 308 546 349 19.
595 292 706 337 Sicut
731 294 959 339 enimDeus
982 293 1055 338 sele
1077 295 1265 356 intelligit
1286 328 1299 348 ‚
1335 295 1389 339 ita
1414 310 1499 339 non
1524 293 1659 356 potest

43 376 129 407 non
151 359 187 405 se
208 358 341 424 ipsum
364 373 498 403 amare
522 375 533 402 :
569 372 704 418 neque
730 373 774 403 ea
796 374 839 403 re
872 358 956 422 ipsa
981 357 1085 419 quid
1120 357 1327 405 diversum
1362 359 1412 406 ab
1446 361 1656 407 intellectu

41 424 125 487 ejus
134 423 203 471 est,

105 495 128 538 I
139 494 174 538 Ι.
212 493 327 537 Cum
350 489 461 535 enim
485 504 537 534 ne
549 489 590 534 in
603 485 777 534 homine
790 486 961 551 quidem
973 488 1177 536 facultates
1188 506 1241 538 eae
1256 509 1298 537 re
1309 490 1393 554 ipsa
1405 489 1659 553 distinguan-

34 558 110 606 ἔξω·
121 592 134 610 ,
167 555 233 602 sed
243 558 285 602 in
297 555 335 600 se
345 553 503 600 mutuo
515 554 662 600 intime
676 555 889 609 immeent‚
903 571 1038 616 quum
1052 554 1153 600 nihil
1164 558 1435 619 intelligamus
1448 556 1522 602 nifi
1536 555 1657 602 simul

43 620 197 684 aliquid
219 623 388 667 velimus
402 655 415 675 ‚
425 621 514 665 imo
528 618 736 683 saepiffime
746 619 821 666 nifi
834 622 932 680 quia
946 619 1101 680 aliquid
1114 623 1324 667 voluimus
1336 656 1348 676 ,
1373 623 1510 668 multo
1524 623 1660 667 minus

45 691 88 737 in
113 692 208 736 Deo
220 685 306 734 haec
317 684 469 732 diversa
480 685 572 731 sunt
586 704 596 730 ε
624 703 769 732 verum
782 702 879 731 cum
892 685 979 731 idea
994 689 1076 732 Dei
1091 702 1177 731 non
1190 686 1379 733 adveniat
1390 687 1463 750 ipfi
1477 688 1526 732 ab
1544 686 1613 746 obj
1620 704 1661 732 e-

46 755 134 809 ἂὶς,
145 751 210 799 sed
221 765 361 798 contra
372 750 532 811 objecta
543 749 865 797 determinentur
876 753 926 796 ab
938 753 1145 797 intellectu
1158 786 1170 806 ,
1184 767 1253 798 aut
1266 755 1402 815 potius
1415 755 1437 798 a
1448 753 1661 799 voluntate

48 821 150 871 Dei;
166 816 425 864 manifestum
437 815 774 870 est‚inte11e5tum
788 818 886 871 Dei,
900 833 988 877 quo
1001 834 1059 863 res
1071 831 1213 863 creatas
1224 819 1413 881 intelligit
1424 852 1435 872 ‚
1453 823 1496 864 &
1510 819 1663 864 volun-

47 899 167 934 tatem
180 888 221 929 δε
234 884 461 948 potentiam
473 880 571 940 ejus,
587 899 669 944 qua
682 884 778 946 ipsas
789 880 1045 937 determinat,
1058 899 1193 928 unum
1206 881 1401 945 idemque
1411 881 1497 929 effe.

115 955 137 997 I
148 954 168 996 Ι
179 954 213 996 Ι.
248 954 448 1009 Cumque
470 949 513 992 in
536 951 635 995 Deo
658 950 800 993 omnia
812 946 890 993 fint
901 964 970 1010 per
982 947 1163 994 modum
1176 950 1289 994 actus
1304 983 1316 1003 ,
1330 963 1454 1010 atque
1473 947 1575 995 adeo
1587 948 1665 1011 ipse

49 1015 99 1065 fit
121 1017 230 1062 ειᾶιιε
253 1011 491 1079 purissimus
505 1047 519 1068 ‚
543 1014 697 1077 semper
708 1016 903 1060 exercitus
916 1047 927 1067 ,
942 1013 1094 1076 semper
1104 1016 1246 1060 volens
1258 1048 1270 1067 ‚
1283 1016 1473 1062 voluntas
1484 1013 1567 1073 ejus
1579 1030 1665 1059 non

49 1097 117 1146 per
129 1079 306 1127 modum
316 1079 512 1125 facultatis
524 1078 787 1142 concipienda
798 1078 868 1130 est,
888 1078 954 1124 sed
965 1077 1022 1123 est
1035 1079 1113 1141 ipsa
1125 1078 1209 1139 ejus
1221 1076 1379 1125 essentia
1392 1114 1404 1134 ‚
1422 1078 1472 1125 ad
1484 1078 1665 1125 modum

48 1147 174 1194 vitalis
185 1147 428 1210 operationis
439 1159 632 1208 concepta
645 1179 657 1199 ‚
681 1144 887 1205 instarque
900 1145 1011 1189 actus
1022 1143 1186 1190 volendi
1198 1141 1417 1191 essentialis.
1452 1143 1576 1190 Adeo
1590 1159 1650 1196 ut,

51 1217 234 1276 quamvis
255 1213 458 1257 liberrima
484 1209 534 1255 fit
558 1213 640 1257 Dei
653 1212 867 1263 voluntas,
895 1226 983 1255 non
994 1224 1129 1256 tamen
1144 1210 1376 1274 suspendere
1387 1208 1510 1273 poffit
1523 1212 1664 1256 acium

47 1277 221 1340 yolendi,
236 1280 290 1324 ita
302 1292 350 1324 ut
360 1274 473 1323 ceffet
483 1277 597 1322 velle.

111 1347 199 1392 IV.
235 1345 440 1392 Voluntas
462 1358 560 1404 ergo
583 1342 746 1405 proprie
767 1341 885 1386 unica
897 1339 953 1387 est
966 1342 1008 1386 in
1020 1344 1118 1387 Deo
1131 1342 1278 1387 volitio
1292 1375 1304 1395 ‚
1318 1354 1484 1394 anema,
1510 1338 1666 1403 simpli-

48 1406 198 1457 ciffima
222 1413 264 1456 δε
287 1408 552 1454 immutabilis
563 1442 576 1462 ‚
604 1424 673 1471 per
685 1423 813 1468 quam
824 1408 916 1453 vult
928 1407 1093 1470 seipsum
1111 1422 1157 1452 ut
1171 1407 1381 1452 summum
1395 1405 1665 1452 &infinitum

49 1476 208 1522 bonum
220 1510 232 1531 ‚
256 1479 299 1522 &
320 1473 371 1521 ad
382 1473 561 1537 seipsum
574 1474 714 1518 omnia
726 1474 812 1518 alia.
845 1476 991 1533 Atque
1003 1470 1069 1518 hic
1081 1472 1165 1528 ejus
1188 1471 1339 1517 modus
1352 1471 1407 1517 est
1420 1489 1431 1523 3
1459 1486 1505 1517 ut
1519 1488 1666 1534 nempe

49 1538 99 1587 fit
111 1541 153 1587 in
164 1545 260 1588 Deo
272 1542 413 1587 unicus
424 1552 589 1586 tantum
603 1555 646 1585 ac
657 1535 908 1594 individuus,
920 1535 1194 1594 liber‚efficax‚
1211 1553 1382 1584 aeternus
1395 1554 1439 1584 ac
1450 1552 1668 1601 perpetuus

49 1605 214 1666 yolendi
226 1608 349 1653 actus.
1636 1656 1638 1658 v

112 1676 171 1720 V.
217 1678 473 1736 Qanquam
508 1672 621 1717 enim
657 1670 815 1715 ratione
838 1671 1093 1733 concipimus
1115 1671 1248 1715 varios
1272 1669 1494 1716 voluntatis
1518 1666 1666 1714 divinae

51 1738 161 1784 nctus
171 1773 183 1789 ,
213 1739 361 1799 eosque
387 1735 531 1783 nostro
556 1748 758 1798 conceptu
770 1734 1213 1798 distinguimus‚revera
1225 1749 1360 1781 tamen
1377 1736 1500 1779 unico
1514 1738 1557 1778 δε
1571 1731 1669 1779 fim-

28 1835 34 1839 -
53 1801 264 1867 pliciffimo
285 1800 452 1849 volendi
475 1803 571 1848 actu
593 1805 710 1848 Deus
734 1803 875 1847 omnia
900 1798 1210 1863 comprehendit
1221 1834 1234 1855 ‚
1266 1799 1367 1846 sicut
1379 1801 1502 1845 unico
1515 1800 1671 1846 intuitu

54 1870 193 1914 omnia
215 1867 324 1914 videt
346 1873 389 1914 δε
410 1869 608 1931 intelligit.
649 1865 815 1913 Eodem
838 1868 1062 1913 voluntatis
1090 1867 1184 1911 aestu
1197 1866 1287 1912 vult
1299 1882 1361 1910 ex.
1373 1882 1435 1928 gr.
1459 1864 1670 1911 mundum

54 1949 180 1981 creare
202 1938 245 1980 ὃ(
266 1933 452 1998 perdere3
478 1937 521 1979 &
543 1931 757 1979 discrimen
782 1949 909 1978 omne
921 1933 943 1977 ὲ
956 1946 1064 1995 parte
1076 1947 1212 1977 rerum
1227 1935 1269 1977 δε
1282 1929 1524 1976 nostrorum
1549 1928 1598 1975 ad
1610 1947 1672 1976 eas

55 2014 326 2063 conceptuum
338 1998 409 2046 est.
444 1999 635 2046 Similiter
647 2015 820 2060 quoque
831 2000 1016 2046 multum
1028 1999 1068 2044 in
1082 2001 1180 2044 Deo
1193 1994 1391 2042 differunt
1402 2031 1415 2051 ,
1440 1994 1490 2042 de
1511 1995 1596 2058 ipso
1610 1994 1674 2041 di-

58 2080 142 2112 cere
154 2098 167 2119 ‚
179 2065 310 2128 ipsum
325 2068 441 2111 aliter
452 2067 564 2119 velle,
577 2069 620 2110 &
631 2067 728 2110 velle
741 2067 883 2116 aliter3
900 2080 1086 2125 quorum
1103 2061 1300 2126 posterius
1316 2097 1328 2116 ,
1341 2078 1427 2106 non
1442 2075 1577 2107 autem
1591 2062 1674 2123 pri-

59 2143 119 2184 us,
126 2133 221 2176 Deo
233 2129 542 2177 adscribendum
554 2129 626 2176 est:
641 2131 780 2193 potuit
792 2130 991 2175 nimirum
1007 2133 1122 2176 Deus
1133 2130 1234 2174 velle
1249 2129 1375 2181 aliter,
1390 2143 1476 2172 non
1488 2143 1588 2173 vero
1604 2127 1675 2171 ali-

61 2207 119 2242 ter
142 2197 262 2248 velle;
288 2195 330 2242 h.
345 2213 379 2242 e.
407 2197 481 2242 alia
493 2197 632 2259 potuit
644 2199 761 2242 Deus
771 2196 885 2249 velle,
906 2211 994 2240 non
1007 2196 1086 2241 alio
1100 2196 1207 2240 actu.
1247 2191 1383 2254 Qod
1395 2207 1529 2239 tamen
1544 2191 1676 2254 ipsum

63 2260 193 2308 solum
216 2263 480 2325 concipimus,
497 2277 584 2307 non
598 2259 844 2308 attendendo
857 2258 908 2305 ad
932 2261 1070 2307 austum
1085 2276 1162 2324 pra?
1169 2261 1320 2306 sentem
1334 2259 1553 2305 voluntatis
1565 2259 1673 2308 Dei3

62 2340 111 2372 eo
123 2328 230 2372 enim
242 2326 377 2390 posito
389 2343 440 2373 ne
451 2325 623 2389 quidem
636 2325 709 2374 alia
720 2328 820 2372 velle
832 2329 947 2373 Deus
959 2328 1109 2390 potuit.

129 2395 207 2439 VI.
235 2393 378 2440 Libera
391 2395 512 2440 etiam
526 2392 789 2453 estvvoluntas
800 2394 897 2439 Dei.
933 2398 1009 2440 An
1023 2411 1098 2437 non
1113 2395 1200 2438 licet
1213 2391 1311 2437 mihi
1326 2391 1437 2454 quod
1449 2392 1537 2435 volo
1542 2391 1679 2450 facere

67 2462 109 2503 in
120 2465 212 2503 meis
224 2457 337 2505 rebus
355 2467 374 2505 ἓ
397 2458 558 2506 Matth.
574 2476 644 2505 20:
661 2475 720 2519 15.
755 2461 870 2505 Licet
893 2460 1016 2510 enim,
1034 2457 1170 2521 polito
1184 2472 1335 2504 aeterno
1351 2458 1444 2501 actu
1457 2455 1680 2501 voluntatis

71 2523 166 2577 Dei,
180 2521 380 2571 neceffaria
393 2523 443 2571 s1t
454 2527 538 2572 Dei
552 2526 711 2571 scientia
722 2529 765 2570 &
778 2526 961 2588 operatio
975 2558 987 2579 ,
1013 2538 1059 2569 ut
1071 2540 1121 2569 ne
1135 2521 1307 2585 quidem
1322 2524 1434 2568 aliter
1445 2522 1545 2566 velle
1558 2516 1681 2581 poffit

69 2587 205 2653 DeuS,
235 2588 500 2644 nihilominus
510 2592 632 2646 libera
644 2590 716 2649 est,
737 2604 936 2654 quatenus
948 2606 1036 2638 non
1049 2603 1214 2636 tantum
1230 2592 1345 2638 Deus
1358 2603 1444 2633 non
1456 2586 1572 2633 sentit
1585 2585 1620 2629 se
1633 2584 1684 2627 ab

1048 2661 1132 2716 Q
1613 2649 1689 2694 alia

1682 490 1762 540 Qu
1775 502 1840 527 non

1683 544 1725 590 cll
1746 545 1870 590 distin-

1681 604 1735 638 δῖα
1758 599 1799 636 ab
1812 599 1878 646 ejm

1681 654 1856 692 amellam.

1687 943 1732 975 Et
1745 935 1879 990 purffl·

1687 1006 1761 1031 mus
1771 994 1813 1040 est
1823 997 1860 1031 in

1689 1051 1758 1087 Deo
1773 1053 1875 1089 actius,-

1689 1658 1832 1710 adeoque

1688 1728 1818 1755 unicus.

1702 2390 1757 2438 Est
1771 2403 1807 2428 ea
1818 2404 1896 2429 ma*-

1701 2447 1792 2484 xime
1814 2445 1897 2484 libe-

1702 2514 1752 2538 m.
