2282 2906
275 140 360 184 Dr„
394 137 775 186 Seium-unffi
812 133 1418 187 INTERPRETATmNE.
1613 130 1665 204 ²73

40 223 241 287 iudicium
263 225 518 283 discretivum
543 226 728 287 appell-ari
741 227 860 277 solet;
884 225 999 286 cujus
1012 225 1332 272 instrumentum
1345 225 1402 271 est
1415 225 1521 272 recita
1533 227 1639 273 ratio
1653 243 1665 280 ;

36 293 281 358 principium
293 291 495 342 revelatio,
503 291 567 336 seu
579 291 718 336 lumen
734 295 841 355 Sp.S.
855 308 1002 338 norma
1019 306 1155 337 autem
1173 292 1347 338 verbum
1360 293 1456 338 Dei.
1495 293 1552 340 Et
1566 294 1668 340 illud

38 357 207 420 quidem
229 355 430 418 judicium
443 354 690 403 discretionis
713 360 862 419 cuique
874 356 1011 412 fideli,
1036 358 1216 421 respeffitu
1239 360 1297 403 sui
1321 357 1444 420 ipsius
1468 393 1480 412 ,
1504 361 1669 420 reliquis

38 425 230 471 omnibus
257 421 414 482 judiciis
427 422 762 486 anteponendum
776 422 849 478 est,
863 425 952 469 imo
964 421 1067 470 illud
1078 440 1215 470 revera
1227 425 1370 469 unicus
1381 423 1438 470 est
1451 425 1666 488 Scriptura:

35 490 79 536 in
91 491 201 538 terris
214 491 416 550 interpres.
2070 527 2081 547 Ἴ

66 576 70 579 ·
99 559 139 602 Χ
150 559 188 601 Χ
201 559 234 600 Ι.
272 555 405 600 Aliter
417 555 482 602 hic
494 552 713 601 instituunt
729 553 950 600 pontificii.
990 556 1080 619 Qi
1094 552 1196 600 hisce
1209 570 1295 599 non
1309 556 1504 607 contenti,
1519 554 1666 615 judici-
1693 557 1800 607 Qale
1813 557 1871 600 iu-
1914 576 2000 605 evi
2013 535 2078 616 fif·
2094 537 2201 598 5⁷4-
2240 576 2255 608 ,-

39 634 112 668 um
134 623 177 667 in
190 618 347 666 ecclesi-3.
372 653 384 673 ,
398 634 597 682 tanquam
611 622 652 666 in
665 622 824 667 civitate
835 618 1060 675 mundana,
1074 623 1244 682 exigunt
1258 619 1436 675 visibile,
1460 623 1549 666 imo
1562 639 1665 686 prae-
1690 614 1884 677 dictumim
1912 632 1928 672 ,μ’
1948 598 1972 659 s
1986 622 2081 700 57-
2103 610 2182 665 h

38 689 191 734 torium
202 722 214 739 ,
235 683 514 733 authenticum
549 691 593 731 δε
623 686 843 740 infallibil0,
860 686 1077 750 astringens
1091 692 1133 732 <Sc
1146 685 1355 745 subjiciens
1369 686 1441 732 fibi
1454 687 1552 749 ipsas
1563 704 1664 733 con-
1679 670 1852 761 sll’etuamss

38 753 232 805 scientias
249 749 451 813 quodque
463 751 535 798 fiat
547 787 559 806 ,
571 751 687 811 juxta
701 752 883 814 ipsorum
896 751 1205 798 distinffionem
1219 786 1231 806 ,
1256 768 1344 796 non
1356 769 1472 797 more
1482 754 1660 804 dofzoris,
1716 724 1867 774 ‘'mlfim‘

38 817 103 865 sed
125 834 239 865 more
253 817 402 879 judicis
417 855 429 870 ,
456 821 510 865 ita
536 832 583 864 ut
606 819 715 881 plebs
727 816 959 865 Christiana
977 853 990 874 ‚
1004 817 1087 864 fine
1097 819 1298 873 examine,
1318 816 1428 865 istud
1439 820 1610 882 recipere
1622 823 1665 865 &

39 883 109 930 sele
120 883 303 931 Ecclefiae
316 883 505 942 subjicere
531 881 684 929 debeat.

103 951 141 992 X
158 953 193 993 X
211 953 233 995 I
246 953 280 995 I.
315 952 473 1014 Rogati
487 963 623 996 autem
638 947 741 1010 quid
755 965 824 1011 per
835 951 1051 1010 Ecclcfiam
1062 951 1300 1012 intelligant,
1317 948 1509 1001 fatentur,
1528 947 1564 996 se
1577 966 1664 995 non

40 1014 250 1078 intelligere
273 1016 495 1061 Ecclesiam
523 1022 660 1061 ovium
671 1050 684 1069 ‚
715 1013 779 1060 sed
796 1016 1003 1078 pastorum
1015 1037 1028 1059 .·
1055 1033 1189 1077 neque
1211 1013 1288 1061 hos
1298 1016 1431 1061 rursus
1444 1032 1587 1061 omnes
1598 1016 1664 1060 su-

42 1095 158 1126 munt
171 1115 183 1136 ,
196 1079 260 1126 sed
272 1096 484 1128 recurrunt
497 1080 547 1127 ad
561 1080 783 1134 Ecclesiam
797 1080 909 1126 suam
921 1081 1280 1144 repraeftntatt'vam
1294 1115 1306 1135 ,
1319 1079 1359 1126 h.
1376 1098 1410 1126 e.
1436 1082 1664 1143 Episcopos

42 1151 84 1192 &
93 1148 264 1208 Prelatos
290 1148 332 1191 in
356 1150 511 1192 concilio
526 1161 792 1210 congregatos
808 1166 817 1191 ε
832 1164 1014 1208 cumque
1025 1149 1148 1193 etiam
1161 1147 1330 1193 concilia
1341 1163 1468 1192 errare
1490 1144 1658 1209 possint,

43 1210 113 1259 nifi
125 1213 145 1258 ὲ
156 1213 339 1273 Ponttfioe
351 1213 644 1276 approbentur,
664 1215 706 1258 in
718 1214 836 1258 illum
849 1211 1014 1259 tandem
1028 1215 1169 1259 omnia
1182 1212 1452 1258 resolvuntur.

103 1281 142 1324 X
157 1281 191 1322 X
207 1282 227 1323 Ι
239 1282 259 1323 Ι
271 1281 306 1324 Ι.
345 1282 440 1324 Nos
463 1293 599 1324 autem
628 1278 699 1324 etsi
725 1280 767 1323 in
782 1279 952 1341 Repub.
965 1284 1008 1325 &
1021 1281 1064 1324 in
1076 1278 1171 1324 foro
1183 1292 1351 1324 externo
1364 1278 1578 1323 summum
1591 1279 1662 1324 ali-
1684 1283 1771 1334 quod
1796 1288 1880 1337 reji-

41 1359 172 1404 quem,
185 1360 228 1388 ac
250 1342 450 1389 visibilem
472 1343 650 1403 judicem
665 1379 677 1399 ‚
703 1343 817 1402 cujus
829 1345 1028 1391 sententiae
1041 1345 1160 1408 plane
1175 1342 1509 1404 acquiescendum
1525 1342 1587 1397 sit,
1601 1361 1662 1389 re·
1683 1340 1782 1381 citur,

41 1410 147 1470 quiri
158 1406 437 1462 concedamus,
457 1424 593 1455 tamen
606 1412 647 1454 in
662 1409 836 1456 Ecclefia
849 1415 891 1455 &
906 1412 948 1454 in
961 1410 1056 1456 foro
1068 1412 1251 1457 interiori
1264 1410 1514 1455 conscientiae
1538 1410 1661 1456 talem

41 1489 126 1520 non
148 1472 399 1520 admittimus
413 1491 424 1518 :
448 1473 579 1538 dispar
590 1477 700 1521 enim
713 1477 876 1538 prorsus
888 1474 945 1521 est
956 1479 1061 1522 ratio
1073 1477 1198 1538 Reip.
1226 1492 1270 1520 ac
1282 1475 1545 1526 conscientiae3
1562 1492 1659 1520 cum

40 1536 139 1587 fides
150 1555 234 1585 non
246 1554 428 1603 cogatur,
441 1555 564 1602 atque
576 1542 678 1586 nulli
690 1540 876 1588 humano
888 1543 1133 1604 principatui
1145 1540 1270 1587 subfit
1284 1560 1294 1586 ε
1309 1545 1351 1586 &
1363 1542 1407 1584 in
1420 1541 1561 1602 repub.
1579 1541 1661 1587 sus-

42 1602 149 1652 ficiat
159 1603 282 1663 judex
293 1607 573 1669 politicus,qui
585 1609 857 1671 peremptorie
869 1608 1104 1653 sententiam
1118 1606 1216 1655 ferat
1228 1624 1238 1658 ;
1254 1605 1395 1666 judicii
1407 1622 1507 1651 vero
1519 1608 1660 1652 Eccle-

42 1668 181 1718 fiastici
193 1669 342 1718 diversa
354 1671 402 1718 fit
414 1675 516 1719 ratio
529 1689 542 1725 3
559 1664 707 1735 utpote
720 1672 839 1735 quod
852 1690 901 1718 ex
913 1671 1137 1737 hypothesi
1149 1674 1270 1718 etiam
1283 1671 1489 1717 infallibile
1501 1668 1575 1716 esse
1587 1670 1658 1716 de-

40 1735 108 1784 bet
117 1773 128 1788 ‚
159 1754 255 1783 cum
277 1738 326 1783 ab
349 1754 399 1784 eo
422 1737 645 1800 dependeat
672 1740 1007 1785 conscientiarum
1019 1740 1201 1784 securitas
1224 1743 1267 1784 &
1291 1739 1520 1784 animarum
1533 1737 1630 1784 salus
1646 1755 1657 1782 ι

44 1803 171 1865 qualis
180 1801 434 1850 infallibilitas
444 1805 486 1848 in
500 1805 616 1849 nullo
630 1802 854 1851 hominum
865 1803 1021 1863 judicio
1033 1806 1243 1867 reperitur.

109 1870 145 1911 X
163 1870 199 1910 λ
215 1871 236 1913 Ι
247 1871 303 1915 V.
338 1887 369 1915 1.
413 1873 470 1916 Et
482 1870 631 1914 nullibi
644 1873 760 1916 Deus
774 1871 1007 1934 aspe·ftabile
1019 1868 1190 1930 aliquod
1201 1869 1394 1924 tribunal,
1415 1883 1503 1929 quo
1515 1883 1659 1914 omnes
1680 1860 1726 1908 ὁ*
1747 1859 1874 1912 refusa-

45 1932 88 1980 in
109 1934 296 1996 religione
319 1934 602 1981 controvcrfiae
615 1938 944 1990 terminarentur,
958 1937 1000 1980 in
1012 1936 1139 1981 verbo
1153 1935 1225 1980 suo
1237 1936 1386 1981 erexit:
1411 1936 1500 1979 imo
1512 1932 1660 1983 frustra
1681 1929 1747 1957 Μ’·

45 1995 126 2045 hoc
148 2000 189 2043 in
201 2001 310 2045 terris
321 2017 395 2046 nos
407 2002 614 2064 expeffitare
626 2015 770 2047 monet
782 2001 1014 2065 Apostolus
1026 2035 1038 2055 ‚
1052 1998 1215 2055 docens,
1230 2001 1384 2064 ssmper
1395 2016 1570 2062 oportere
1581 1999 1657 2045 hae-

46 2063 140 2122 reses
165 2065 229 2126 effi
243 2099 255 2119 ‚
284 2082 316 2110 1.
338 2070 442 2112 Cor.
460 2085 475 2112 1
488 2084 524 2112 1:
544 2085 609 2123 19.
650 2070 707 2112 Et
730 2075 864 2112 mittet
886 2070 958 2112 illis
981 2071 1097 2113 Dens
1116 2066 1330 2128 efficaciam
1352 2072 1594 2128 deceptionis,
1606 2082 1657 2112 ut

46 2131 206 2175 credant
219 2133 430 2177 mendacio.
467 2150 505 2177 2.
518 2128 659 2178 Thess'.
675 2149 715 2177 2:
730 2150 782 2178 11.
807 2137 953 2193 Atque
963 2149 1012 2178 ex
1024 2149 1113 2193 quo
1125 2131 1199 2194 ipsi
1212 2130 1399 2177 homines
1411 2132 1531 2176 talem
1544 2131 1655 2177 sum-

50 2209 168 2240 mum
180 2194 271 2240 fidei
285 2194 459 2252 judicem
473 2197 546 2244 fibi
559 2198 842 2259 imposuerunt
855 2232 867 2251 ,
879 2195 1118 2259 graviffimae
1133 2199 1225 2245 sunt
1237 2212 1336 2244 ortae
1350 2195 1652 2253 controverliae,

48 2256 98 2305 de
110 2258 187 2305 hoc
199 2261 283 2323 ipso
294 2263 414 2308 etiam
433 2261 564 2324 judice
577 2297 589 2317 ,
603 2262 653 2308 de
667 2264 770 2309 illius
782 2262 868 2309 sede
880 2268 921 2308 δε
934 2264 1125 2309 tribunali
1140 2298 1151 2317 ,
1165 2263 1215 2309 de
1227 2263 1504 2309 infallibilitate
1516 2262 1654 2324 iplius,

42 2327 145 2372 &cc
181 2343 272 2388 quae
305 2329 419 2374 nullo
454 2327 588 2375 modo
624 2327 735 2374 finiri
758 2362 774 2384 ,
833 2344 906 2374 nec
941 2329 991 2374 ab
1025 2329 1112 2392 ipso
1146 2331 1218 2375 illo
1251 2328 1386 2390 judice
1419 2326 1548 2374 decidi
1574 2343 1652 2390 po-

49 2402 172 2437 tuere.

76 2502 82 2509 ,
97 2457 153 2500 -Χ
165 2460 269 2504 XV.
306 2475 345 2504 2.
381 2461 499 2523 Qin
526 2464 568 2506 &
591 2459 825 2507 humanum
838 2475 992 2505 nomen
1005 2457 1086 2506 hoc
1099 2461 1221 2531 paeto
1235 2462 1276 2505 in
1289 2458 1507 2506 Ecclesiam
1520 2461 1651 2504 intro..

52 2516 222 2576 ducitur,
235 2527 277 2568 ὃς
290 2526 535 2578 conscientia,
560 2542 653 2587 quae
667 2528 738 2572 soli
750 2531 849 2573 Deo
862 2526 887 2570 s
881 2524 1038 2584 ubjtha
1051 2527 1124 2571 esse
1136 2523 1512 2575 debet,hominibus
1524 2525 1651 2569 errori

55 2584 237 2636 obnoxiis
249 2622 262 2647 ,
275 2588 500 2653 eorumque
513 2591 671 2641 dietatis
685 2609 728 2640 ac
742 2593 893 2655 placitis
905 2592 1091 2706 sacr}l<ego
1105 2592 1201 2639 ausu
1213 2590 1639 2704 obstringitur.XYVI
