2116 2901
0 0 24 228 ‚l

280 143 365 190 DE
410 143 702 190 Pansoms
736 155 993 188 Divinis
1031 155 1099 188 IN
1134 155 1366 188 sPEcnz.
1587 157 1669 204 177

108 226 285 276 XXXV.
325 232 503 274 Certum
515 243 649 276 tamen
663 226 720 273 est
731 224 819 273 duo
833 225 905 274 ista
916 229 980 273 vel
993 227 1176 273 maxime
1189 225 1407 290 distingui;
1441 223 1551 272 unde
1562 229 1664 289 Spir.
1689 226 1712 265 a*
1726 231 1820 266 Patre
1834 227 1882 273 ἀ»

0 157 3 173 ι

0 248 16 349 l
38 295 84 342 S.
99 294 252 357 semper
267 295 489 358 procedere,
502 310 721 355 nunquam
744 294 1208 357 autemgenitusaPatre
1219 290 1368 340 dicitur
1381 311 1392 337 ε
1407 290 1523 338 ficuti
1534 307 1669 355 neque

0 364 5 412 ἰ
44 358 130 420 ejus
150 362 289 423 imago
312 376 501 422 unquam
514 361 745 422 appellatur.
782 364 984 421 Cumque
995 361 1243 423 principium
1255 360 1345 405 Filii
1357 357 1407 406 fit
1417 362 1534 404 Pater
1544 359 1667 417 solus,

0 428 290 491 'principium
322 432 390 489 Sp.
403 430 442 473 S.
465 425 522 472 est
546 427 669 472 Filius
692 442 791 471 cum
811 431 940 478 Patre,
965 426 1083 472 unica
1106 440 1244 472 tamen
1257 424 1496 488 spiratione,
1521 438 1666 489 utpote

0 443 21 546 i.
45 502 199 550 §mia-10⁶
212 528 224 547 ,
259 497 325 555 Sp.
340 493 535 538 Sanstum
550 491 817 554 producentes
833 512 843 538 ι
879 493 1001 539 Filius
1013 494 1124 538 enim
1137 490 1253 537 sicuti
1264 492 1286 536 a
1298 495 1415 537 Patre
1426 489 1560 536 existit
1571 525 1584 545 ,
1610 494 1664 538 ita

20 564 21 570 ’
42 557 145 605 nihil
159 557 240 604 fine
253 563 367 604 Patre
378 558 471 605 facit
481 559 545 603 vel
557 572 760 620 operatur.
794 563 894 604 Non
901 559 1023 622 potest
1033 560 1153 604 Filius
1157 558 1297 618 facere
1309 555 1335 602 ἰι
1337 558 1541 620 semetipso
1553 566 1666 620 quic-

7 646 23 670 u
44 642 173 688 quam
186 659 198 679 ,
222 627 295 685 ng'fi
303 625 404 687 quid
410 625 557 670 viderit
569 629 735 670 Patrem
737 627 970 686 facientem.
1012 640 1067 671 uae
1078 631 1185 669 enim
1196 626 1257 669 ille
1259 625 1380 684 facit,
1393 623 1467 667 haec
1482 630 1529 676 ὠ
1542 627 1664 669 Filim

0 684 22 740 if
28 693 218 751 similiter
234 693 353 751 facit.
375 688 485 754 Joh.
504 705 617 748 5:19.
655 689 777 751 quod
799 689 969 736 similitu
1004 692 1065 735 'ne
1089 689 1328 751 imaginisin
1342 689 1503 752 speculo
1516 687 1663 734 adum-

8 763 22 800 ἡ
46 756 151 802 brari
174 757 297 812 solet,
333 773 427 817 quae
452 755 593 801 faciem
619 754 800 801 hominis
823 791 836 811 ,
872 773 1000 816 quam
1025 758 1234 808 intuetur,
1269 753 1494 815 omnesque
1516 753 1602 814 ejus
1624 773 1665 800 a·

20 823 199 870 :stiones
210 827 252 868 ὃς
266 837 406 868 motus
416 822 536 866 unice
550 824 734 869 imitatur
747 856 758 876 ,
772 838 906 883 neque
919 820 1029 867 aliud
1041 822 1267 882 quicquam
1280 820 1386 867 facit.

1689 283 1766 320 Filio
1788 298 1795 321 ι

108 890 313 936 XXXVI.
347 887 422 934 Est
445 902 582 934 autem
607 886 674 934 hic
696 889 899 950 imprimis
922 887 1084 933 celebris
1105 886 1172 930 illa
1196 886 1393 947 quaestio,
1439 904 1494 931 an
1507 890 1608 950 Spir.
1623 890 1666 932 S.
1691 892 1775 928 imer
1793 896 1888 929 Gra»

38 957 226 1018 procedat
249 952 275 999 ἐι
300 959 424 1000 Patre
447 957 625 1016 Filioque
651 954 667 999 ζ
716 970 811 1014 quae
836 955 941 998 olim
966 966 1083 999 mota
1105 954 1214 998 inter
1237 954 1409 998 Graecos
1433 955 1476 997 &
1501 954 1670 998 Latinos
1688 959 1733 983 0⁰5
1749 944 1793 990 θ’
1813 951 1883 982 La·-

0 1041 2 1059 =
18 1046 20 1055 ‹
43 1023 87 1067 in
100 1017 266 1066 schisma
279 1018 444 1066 tandem
458 1021 591 1083 erupit
602 1053 615 1074 ,
653 1032 778 1079 atque
788 1020 879 1067 illos
889 1020 1117 1065 etiamnum
1129 1032 1342 1079 utcunque
1354 1020 1376 1063 a
1388 1017 1501 1064 sensu
1513 1017 1668 1065 Refor-

18 1121 21 1128 .
41 1101 163 1134 matae
175 1085 361 1132 Ecclesiae
374 1085 549 1132 distinet.

109 1154 334 1200 XXXVII.
370 1151 548 1198 Occasio
571 1150 656 1211 ejus
679 1152 867 1214 primitus
889 1150 994 1206 fuit,
1030 1148 1150 1212 quod
1173 1152 1215 1196 in
1241 1150 1476 1197 recitatione
1488 1150 1667 1213 symboli

18 1228 22 1283 }
40 1218 496 1282 Constantinopolitani
508 1252 521 1273 ,
539 1221 650 1263 A.C.
660 1218 708 1279 38
719 1236 752 1265 1.
768 1217 841 1263 ubi
853 1216 903 1263 ad
916 1218 1134 1263 articulum
1148 1214 1197 1262 de
1211 1220 1277 1278 Sp.
1293 1219 1331 1262 S.
1347 1213 1434 1261 haec
1446 1217 1566 1261 verba
1579 1230 1669 1262 tan-

18 1297 136 1332 itum
159 1283 426 1331 audiebantur
451 1319 464 1340 ‚
497 1298 534 1333 τὸ
555 1293 602 1333 cha
620 1294 657 1336 «Ξ
680 1297 806 1341 νωπὸς
832 1294 1092 1347 ῶκπςευόμενω
1115 1316 1128 1337 ,
1171 1283 1307 1328 Latini
1331 1279 1586 1336 addiderint,
1620 1299 1669 1329 ex

18 1373 22 1398 t
42 1354 160 1398 Patre
171 1353 350 1414 Filioque
365 1369 374 1395 ε
389 1351 509 1412 quod
521 1369 570 1397 eo
584 1352 710 1414 magis
721 1350 855 1397 doluit
868 1352 1027 1397 Graecis
1037 1383 1052 1404 ,
1087 1346 1207 1410 quod
1234 1349 1381 1394 Latina
1393 1346 1568 1393 Ecclesia
1579 1363 1667 1392 non

18 1435 21 1461 ι
43 1416 177 1464 modo
200 1417 384 1479 publicos
406 1417 593 1464 Ecclesiae
616 1420 807 1463 Canones
819 1431 943 1478 atque
954 1430 1197 1461 communes
1208 1412 1457 1459 orthodoxae
1471 1411 1568 1458 fidei
1579 1413 1667 1459 sbr-

18 1503 21 1527 r
44 1484 175 1530 mulas
186 1484 345 1546 privato
358 1482 530 1529 consilio
543 1486 763 1528 immutare
775 1499 818 1529 ac
830 1484 982 1528 violare
992 1481 1122 1527 fuerat
1134 1480 1245 1531 auia3
1262 1478 1327 1525 sed
1339 1483 1381 1524 δε
1393 1481 1436 1523 in
1451 1477 1548 1525 fidei
1561 1480 1667 1525 arbi-

20 1554 21 1559 ’
40 1560 150 1595 tram
175 1549 291 1611 supra
303 1551 474 1610 reliquas
485 1550 520 1595 se
534 1547 675 1595 efferre
686 1583 699 1603 ,
734 1550 839 1609 quin
850 1550 939 1594 imo
952 1548 1200 1609 Scripturam
1213 1545 1339 1608 ipsam
1353 1579 1365 1599 ,
1390 1561 1440 1590 ex
1452 1562 1535 1606 qua
1548 1546 1668 1591 verba

18 1631 22 1657 r
42 1614 235 1677 Symboli
258 1614 440 1662 desumta
463 1629 599 1662 erant:
629 1618 778 1683 Qum
789 1629 930 1662 autem
940 1619 1097 1659 venerit
1108 1613 1345 1658 Paracletus
1357 1613 1443 1666 ille,
1468 1629 1589 1674 quem
1602 1630 1666 1675 ego

18 1702 22 1742 j.
45 1687 209 1727 mittam
223 1681 518 1730 vobisdPatre.
548 1680 650 1746 Joh.
673 1695 739 1740 15:
756 1689 822 1727 26.
859 1677 1074 1726 emendare
1085 1676 1312 1724 videbatur.

108 1745 359 1795 XXXVIII.
397 1745 700 1794 Accedentibus
722 1763 850 1809 porro
874 1747 957 1792 aliis
980 1743 1129 1799 causis,
1165 1760 1259 1804 quae
1284 1745 1459 1790 Graecos
1472 1743 1669 1807 supercilii

19 1816 22 1880 ζ
43 1813 232 1860 Romani
255 1815 508 1877 impatientes
529 1816 634 1859 male
657 1813 851 1867 urebant,
875 1812 936 1856 illi
946 1813 990 1856 in
1003 1812 1076 1856 alia
1089 1810 1230 1857 omnia
1241 1826 1419 1872 vergere,
1447 1808 1669 1856 &tandem

43 1878 204 1941 prorsus
226 1895 369 1943 negare
393 1884 460 1943 Sp.
489 1883 527 1926 S.
553 1881 575 1924 a
598 1881 703 1926 Filio
728 1913 741 1933 ,
786 1892 986 1940 tanquam
1009 1878 1168 1939 origine
1189 1885 1401 1937 ιὲηςοέπως,
1423 1874 1666 1939 procedere;

18 1955 170 2006 lquam
181 1943 492 2009 Theophylaffi
503 1947 739 1992 sententiam
752 1948 807 1990 A.
824 1947 878 1990 C.
897 1960 1019 2005 1071.
1042 1943 1188 2004 reliqui
1202 1959 1330 2006 porro
1342 1943 1517 2005 amplexi
1529 1941 1636 1987 sunt.

107 2012 302 2057 XXXIX.
339 2016 430 2058 Nec
453 2013 636 2058 lanatum
659 2009 763 2056 illud
784 2007 951 2056 schisma
973 2011 1017 2054 in
1041 2010 1218 2054 concilio
1238 2010 1494 2064 Florentino,
1533 2013 1592 2056 A.
1612 2013 1666 2056 C.

18 2091 21 2124 l
47 2077 168 2138 1438.
196 2077 268 2123 ubi
291 2077 490 2124 statutum
516 2081 587 2140 Sp.
611 2081 653 2124 S.
676 2078 701 2122 a
722 2075 1009 2123 Patre&Filio
1022 2076 1283 2129 aeternaliter,
1302 2089 1504 2136 tanquam
1516 2076 1567 2120 ab
1580 2091 1667 2120 uno

44 2143 269 2206 principio,
297 2157 421 2205 atque
443 2145 563 2190 unicfi
587 2143 825 2207 spiratione,
852 2138 1090 2205 procedere;
1122 2139 1187 2188 sed
1211 2143 1348 2203 potius
1379 2143 1550 2188 auctum
1561 2139 1667 2186 fuit:

43 2208 260 2273 praesertim
285 2226 382 2255 cum
408 2211 546 2257 Latini
556 2207 713 2273 dogma
725 2206 842 2262 illud,
871 2203 991 2269 quod
1014 2221 1105 2253 ante
1118 2205 1228 2253 istud
1240 2209 1462 2253 concilium
1477 2205 1670 2252 nondum

20 2271 21 2274 ’
40 2271 300 2322 necessarium
325 2274 568 2330 statuerant,
603 2274 687 2334 jam
710 2272 805 2337 post
816 2273 919 2320 illud
940 2307 954 2328 ,
997 2272 1117 2333 quod
1129 2270 1329 2319 nimirum
1340 2275 1430 2320 resa
1444 2278 1549 2335 Papa
1561 2287 1671 2317 nunc

20 2373 22 2378 .
43 2338 210 2401 definita
234 2341 363 2397 foret,
388 2359 467 2406 pro
491 2342 663 2389 articulo
686 2338 787 2387 fidei
809 2336 1022 2387 necessario
1038 2356 1192 2403 urgere,
1214 2344 1256 2385 ὅ(
1270 2340 1426 2386 Graecis
1438 2356 1488 2385 eo
1502 2340 1672 2384 nomine

39 2406 262 2455 obtrudere
274 2423 499 2472 coeperunt.

78 2472 87 2511 l
109 2475 201 2521 XL.
237 2478 307 2523 Ut
321 2489 548 2537 utrumque
558 2473 625 2521 hic
637 2484 846 2538 peccatum
860 2471 909 2519 fit
925 2491 935 2519 ε
960 2473 985 2518 a
999 2472 1156 2518 Latinis
1168 2470 1341 2533 quidem
1355 2505 1368 2526 ,
1395 2469 1514 2532 quod
1526 2484 1675 2517 temere

20 2569 22 2577 ·
42 2537 315 2587 Oecumenici
340 2543 522 2588 Concilii
545 2541 752 2604 Symbolo
776 2537 971 2601 quaedam
994 2536 1237 2592 addiderint,
1264 2552 1386 2598 atque
1398 2535 1584 2584 Ecclesiae
1597 2537 1676 2581 sua)

41 2607 90 2668 ὃς
101 2608 287 2656 Romani
303 2608 515 2659 Pontificis
527 2608 769 2657 austeritate
775 2605 1013 2670 (praestrtim
1025 2603 1120 2670 post
1135 2605 1358 2655 concilium
1371 2602 1677 2658 Florentinum)

953 2675 989 2722 Z
1561 2668 1687 2716 Grae-

1689 1003 1771 1037 tin-es
1795 1014 1871 1035 con-

1694 1057 1858 1105 traversa.
