2116 2901
253 137 1420 188 DE'OMNIPOTEN'RIADEI.
1567 159 1664 210 '147

100 222 216 268 XIV.
256 220 414 282 Estque
439 238 484 267 ea
509 238 606 266 cum
630 224 832 268 ordinaria
846 256 858 276 ‚
883 224 926 268 in
941 226 1136 269 continua
1150 241 1287 271 rerum
1301 224 1661 274 administratione,
1692 231 1858 271 Ordina-

35 287 126 335 mm
150 289 484 340 extraordinaria,
515 289 557 332 in
586 290 882 334 miraculorum
905 292 1155 351 patratione:
1180 307 1273 352 quae
1297 306 1436 337 tamen
1461 292 1665 353 posterior
1691 299 1786 324 mam
1816 290 1855 328 ²⁸5

11 362 14 393 Γ
36 352 175 399 c'enseri
199 370 284 397 non
307 351 430 398 debet
452 354 586 411 major
609 356 733 417 priori
746 371 758 405 3
786 372 883 400 cum
909 358 1045 416 potius
1058 355 1189 415 majus
1203 356 1385 402 videatur
1397 355 1473 402 effe
1488 362 1663 406 miracu·
1691 352 1867 431 JIT‘²‘.’J‘

34 417 255 480 lum,quod
268 422 382 464 Deus
397 419 608 465 mundum
622 418 770 465 eodem
784 422 938 483 semper
950 435 1075 482 atque
1090 423 1340 468 immutabili
1356 423 1500 468 ordine
1513 426 1660 487 guber-
1696 409 1814 487 amm
1839 442 1844 447 ’

36 498 103 530 nat
115 518 127 538 ‚
153 501 277 545 quam
292 483 320 529 s1
334 486 435 547 leges
446 502 472 530 n
483 501 599 533 turae
614 486 712 549 saepe
724 487 903 532 turbaret
916 491 958 532 &
970 488 1294 551 interrumperet,
1308 490 1370 534 vel
1381 504 1547 552 propter
1560 490 1661 538 stul-

36 551 163 596 titiam
177 548 320 595 homin
327 568 399 595 um
416 552 638 615 abrogaret.

47 609 68 646 ’s'
81 611 330 676 XV.Neque
343 618 462 661 etiam
476 620 658 679 potentia
671 620 752 664 Dei
766 617 1082 664 extraordinaria
1094 620 1134 664 in
1148 635 1198 664 eo
1218 616 1361 665 differt
1374 619 1658 680 ab‘ordinarffi,

36 681 150 744 quod
174 696 332 727 naturas
355 699 493 728 rerum
516 686 711 731 immutet
721 719 733 735 ,
763 684 861 730 &id
875 701 1025 730 verum
1038 682 1113 731 esse
1124 684 1375 746 faciat'quod
1387 701 1498 733 antea
1511 705 1657 735 verum

6 782 9 787 .
37 761 119 792 non
131 762 222 798 erat,
240 762 308 795 aut
320 765 407 794 non
421 767 565 795 verum
578 748 697 813 quod
709 765 822 797 antea
834 766 978 796 verum
992 765 1075 797 erat
1086 768 1098 803 3
1125 767 1259 812 neque
1270 754 1380 797 enim
1393 756 1573 814 potentia
1586 772 1658 802 ex-

32 812 289 861 traordinaria
314 813 423 860 aliud
447 818 673 877 quicquam
699 818 741 860 in
754 818 871 862 rebus
897 819 1015 879 ponit
1028 834 1155 878 quam
1170 815 1373 863 ordinaria
1401 825 1420 874 (
1435 833 1488 865 ut²
1501 820 1657 882 obique

36 881 144 925 enim
155 879 293 925 eadem
306 884 488 943 potentia
500 881 578 938 est)
592 881 944 929 seddiverfimode
959 884 1025 928 illa
1039 884 1261 946 appellatur
1273 917 1285 936 ,
1300 882 1420 943 quod
1433 888 1547 930 Deus
1561 904 1655 932 mo-

34 942 90 990 do
111 960 178 1007 per
200 960 386 992 naturam
411 947 566 1008 aliquid
589 960 814 1009 exequatur
823 983 835 1001 ‚
867 947 999 994 modo
1013 947 1249 994 immediate
1264 950 1342 1012 ipse
1352 947 1464 996 idem
1478 951 1650 1013 praestet.

4 1047 5 1050 ,
34 1015 122 1058 Aut
143 1014 278 1072 potius
300 1016 417 1058 Deus
440 1013 645 1059 ordinaria
658 1015 840 1077 potentia
854 1029 1046 1078 operatur
1057 1012 1280 1060 secundum
1292 1014 1394 1077 leges
1407 1030 1561 1062 naturae
1574 1034 1652 1063 no-

34 1076 93 1123 bis
106 1092 216 1124 notas
235 1094 246 1130 3
263 1078 580 1125 extraordinaria
593 1097 690 1125 vero
705 1079 927 1126 secundum
939 1097 1000 1126 eas
1012 1097 1105 1142 quae
1122 1081 1240 1126 nobis
1252 1094 1361 1126 notae
1376 1081 1462 1127 non
1476 1083 1579 1129 sunt.

52 1158 55 1160 ·
94 1145 210 1190 XVI.
247 1144 363 1189 Male
379 1160 514 1191 autem
529 1148 830 1192 calumniantur
841 1145 1171 1199 nosLutherani,
1190 1145 1305 1207 quasi
1318 1162 1404 1192 non
1419 1147 1651 1211 simpliciter

0 1259 2 1266 y
31 1208 278 1255 crederemus
300 1213 381 1256 Dei
394 1213 860 1273 omnipotentiam,quia
873 1228 960 1257 non
974 1213 1242 1275 agnoscimus,
1260 1229 1389 1274 exgr.
1411 1231 1543 1261 unum
1558 1232 1651 1261 cor-

33 1289 103 1338 pus
116 1272 221 1337 poffe
242 1273 318 1321 effe
343 1279 384 1322 in
410 1277 574 1323 duobus
598 1279 707 1323 locis.
758 1280 880 1324 Tales
892 1280 1002 1324 enim
1015 1281 1130 1324 Deus
1141 1281 1288 1324 creavit
1300 1296 1438 1325 rerum
1450 1278 1645 1333 essentias,

0 1352 1 1361 ¹
31 1341 201 1402 talesque
233 1358 369 1388 earum
384 1343 490 1389 ideas
504 1344 622 1390 nobis
633 1342 858 1398 indidit‚'t1t
871 1342 914 1390 id
925 1342 975 1390 ad
989 1342 1304 1390 contradictoria
1317 1348 1519 1408 pertinere
1530 1349 1648 1393 intel-

32 1406 207 1469 ligamus.
250 1412 400 1469 Neque
424 1416 534 1455 extra
547 1412 804 1457 voluntatem
816 1412 900 1456 Dei
912 1427 962 1456 ex
973 1409 1095 1473 ipsius
1106 1412 1407 1473 omnipotentia
1419 1415 1661 1474 quicquam

31 1471 133 1518 credi
156 1489 223 1521 aut
234 1473 353 1521 statui
366 1474 497 1521 debet.
538 1478 579 1521 Si
590 1478 700 1522 enim
714 1475 807 1523 ideo
819 1474 976 1537 aliquid
987 1474 1235 1521 credendum
1251 1476 1299 1522 fit
1312 1511 1324 1531 ‚
1352 1479 1449 1537 quia
1460 1482 1575 1524 Deus
1588 1479 1646 1524 fia-

30 1553 112 1583 cere
134 1538 176 1584 id
199 1540 330 1602 potest
342 1576 353 1595 ‚
385 1539 557 1587 viciffim
570 1541 818 1588 credendum
831 1540 941 1588 istud
953 1558 1040 1587 non
1052 1541 1123 1595 est,
1150 1543 1247 1602 quia
1260 1546 1375 1589 Deus
1386 1545 1507 1589 etiam
1520 1544 1646 1590 facere

29 1603 156 1666 potest
170 1621 214 1651 ut
227 1623 283 1652 res
294 1606 365 1652 ista
377 1624 463 1652 non
477 1607 526 1653 fit
538 1642 550 1661 ‚
589 1609 652 1654 vel
665 1610 776 1655 aliter
787 1608 850 1655 fit.
886 1614 992 1671 Qo
1018 1606 1302 1654 animadverso
1314 1608 1643 1656 transubstantia-

30 1670 146 1716 tionis
159 1676 200 1717 &
214 1675 318 1718 cons
312 1672 633 1720 ubstantiationis
644 1673 829 1720 monstra
841 1673 1006 1720 cadunt.

54 1756 62 1797 ζ
91 1739 228 1784 XVII.
263 1743 318 1785 Et
342 1739 534 1786 hactenus
546 1742 629 1786 Dei
640 1743 836 1803 potentia.
869 1741 1043 1801 Potestas
1053 1741 1136 1787 Dei
1147 1739 1219 1794 est,
1232 1756 1302 1804 per
1313 1757 1441 1802 quam
1455 1744 1645 1788 exercitio
1676 1753 1835 1806 Potestas

29 1806 213 1866 potentiae
226 1802 373 1850 divinae
387 1804 607 1851 contradici
620 1822 694 1852 nec
706 1805 852 1868 potest,
877 1822 950 1851 nec
960 1805 1085 1852 debet
1101 1805 1264 1868 :estque
1299 1819 1337 1854 τὸ
1360 1816 1549 1862 ἀυπξὲωον
1569 1826 1645 1854 νο-
1671 1814 1757 1851 Dei.

30 1869 185 1925 luntatis
200 1869 284 1929 ejus
296 1905 307 1925 ‚
336 1870 581 1932 fundansjus
593 1871 845 1931 &justitiam
859 1874 942 1921 Dei
953 1870 1003 1919 ad
1018 1885 1130 1918 extra
1145 1889 1156 1925 3
1173 1887 1221 1919 ut
1234 1875 1284 1918 ab
1297 1889 1348 1919 eo
1361 1889 1487 1920 omne
1499 1874 1563 1935 jus
1574 1873 1645 1921 de-

30 1934 206 1997 pendeat.

61 2026 66 2030 ·
92 2004 250 2049 XVIII.
285 2008 428 2065 Atque
440 2002 526 2050 haec
540 2003 714 2069 potestas
725 2002 863 2051 divina
876 2040 889 2060 ,
901 2018 1126 2067 temperato
1136 2005 1225 2066 jure
1237 2006 1358 2068 ipsius
1370 2022 1440 2069 per
1451 2005 1587 2053 foedus
1599 2012 1643 2053 ὃς

29 2068 192 2128 paetum
206 2103 218 2120 ,
245 2069 363 2130 quod
374 2088 470 2117 cum
483 2069 669 2119 humano
681 2087 823 2134 genere
835 2072 1008 2134 gratiose
1022 2072 1112 2117 iniit
1124 2106 1136 2126 ‚
1159 2070 1304 2118 fundat
1316 2072 1642 2119 adorabilmtem

30 2130 123 2191 ejus,
141 2133 239 2197 Joh.
253 2152 296 2196 4:
314 2153 380 2197 24.
412 2137 543 2182 Hebr.
561 2156 576 2184 1
586 2155 625 2183 2:
642 2155 684 2195 9.
709 2151 755 2182 ut
766 2155 810 2183 ea
822 2136 872 2184 sit
883 2138 1128 2186 attributum
1141 2139 1354 2183 relativum
1368 2173 1380 2193 ‚
1409 2138 1523 2197 cujus
1536 2141 1639 2184 ratio

29 2195 203 2244 Ibrmalis
214 2199 269 2246 est
282 2201 460 2265 majestas
471 2205 613 2264 Dei‚in
626 2203 787 2252 summa
798 2206 1009 2252 naturae'&
1020 2204 1316 2251 attributorum
1329 2204 1413 2265 ejus
1423 2204 1643 2270 perfeetio-

30 2269 80 2309 ne
91 2265 294 2314 intellecta.
446 2269 455 2271 i
524 2267 526 2269 ’

965 2445 1068 2491 T2
1507 2446 1634 2489 CA-
