2116 2901
274 133 359 179 DE
393 126 1432 181 PoN‘r1F1c11sTRAD1T10NAR115.
1641 150 1693 199 57

61 217 165 267 Ibid.
178 236 195 266 t
207 233 283 280 5.·3.
317 235 411 280 quae
436 216 576 265 eadem
599 221 721 264 etiam
735 217 1007 265 Pontificioru
1014 236 1055 265 m
1069 219 1358 267 traditionibus
1373 221 1641 270 conveniunt.

126 288 325 332 XXXIII.
362 288 454 330 Nec'
464 283 646 347 excipere
656 286 748 330 licet
759 319 771 336 ,
788 283 971 330 damnari
986 285 1120 330 solum
1134 284 1370 333 traditiones
1387 289 1600 351 Scripturae
1615 288 1687 336 ad-

60 352 183 398 versas
196 386 208 406 ,
231 367 317 396 non
331 351 420 397 alias
436 370 445 396 ι
461 348 651 396 Christus
661 351 772 395 enim
784 367 870 395 non
883 351 1017 396 solum
1031 368 1091 397 eas
1103 353 1229 414 carpit
1242 387 1254 403 ,
1290 370 1383 413 quae
1398 351 1493 399 fidei
1507 352 1686 405 adversa-

61 417 208 464 bantur
219 452 230 468 ,
251 432 394 462 verum
407 418 529 462 etiarn
543 415 806 477 quascunque
818 417 1113 462 observationes
1127 451 1138 471 ,
1163 418 1315 478 quibus
1328 419 1578 465 conscientiae
1591 438 1684 483 gra-

60 484 256 529 vabantur
270 517 282 537 ‚
308 483 438 543 qualis
460 496 543 526 erat
567 484 672 527 lotio
698 498 899 527 manuum
924 496 1013 528 ante
1036 483 1178 527 cibum
1193 517 1204 537 ,
1218 498 1384 546 propter
1396 485 1683 532 conscientiam

56 553 100 594 &
123 550 360 612 religionem
374 581 386 601 ,
422 546 536 609 quasi
550 546 601 593 ad
614 546 944 610 purificationem
957 550 1102 593 animae
1116 546 1197 597 hoc
1211 548 1353 596 faceret
1367 571 1380 594 .·
1395 555 1438 595 &
1450 550 1683 613 Apostolus

55 615 155 660 Col.
189 632 230 659 2:
259 630 400 674 20-23.
432 611 680 659 condemnat
693 615 815 659 etiam
828 648 840 665 ,
855 628 901 659 ut
912 612 1149 659 traditiones
1162 612 1358 661 humanas
1371 650 1383 669 ‚
1417 632 1476 661 res
1499 634 1594 677 quae
1607 615 1681 663 ha..

56 680 204 726 bebant
226 680 392 743 speciem
418 678 615 741 sapientia:
629 714 641 733 ,
677 680 719 723 in
732 680 845 727 cultu
860 681 1112 733 voluntari0‚
1137 684 1181 725 δε
1203 679 1434 727 humilitate
1447 716 1459 735 ‚
1487 686 1530 728 &
1555 685 1682 729 carnis

56 748 324 792 maceratione
337 779 349 799 ‚
361 758 524 790 tantum
538 745 660 799 abest,
675 759 721 791 ut
733 746 809 791 illae
822 760 985 792 tantum
1000 745 1231 804 rejiciantur
1244 781 1256 801 ‚
1270 764 1364 807 quat„>
1377 749 1453 810 legi
1468 750 1681 795 contrariae

55 811 159 857 sunt.
196 813 316 858 Tales
328 825 464 857 autem
478 811 570 857 sunt
582 813 785 874 pleraeque
798 811 1050 874 Papistarum
1063 812 1361 858 observationes
1373 818 1415 859 δε
1427 814 1550 867 ritus3
1576 830 1680 878 prae-

54 890 241 938 terquam
255 876 372 938 quod
383 882 426 922 &
438 877 578 923 multae
590 876 744 923 dii-cete
758 878 871 923 sacrae
884 879 1099 940 Scripturae
1113 876 1383 925 adversentur.

119 946 317 990 XXXIV.
337 959 370 1004 3.
396 940 676 989 Adversantur
688 944 892 1007 speciatim
903 942 1141 990 traditiones
1163 942 1500 1007 promistionibus
1511 944 1562 991 de
1575 944 1681 994 statu

55 1011 174 1056 N.T.
190 1013 338 1055 Omnes
342 1010 424 1070 filii
439 1016 498 1054 tm'
511 1009 634 1054 edoeh·
655 1025 776 1055 erunt
787 1009 812 1054 ci
824 1009 1008 1072 Jehova.
1026 1010 1128 1055 Esai.
1139 1024 1204 1070 54:
1214 1028 1229 1056 1
1240 1027 1273 1071 3.
1289 1011 1439 1056 Iudam
1453 1014 1577 1074 legem
1589 1031 1675 1058 me-

53 1093 126 1121 am
149 1084 274 1120 menti
295 1093 432 1121 eorum
457 1081 505 1127 ὠ
518 1076 625 1120 cordi
649 1094 787 1121 eorum
800 1075 1009 1134 inscribam
1021 1093 1112 1122 eam
1124 1078 1296 1140 &c.Jer.
1312 1093 1375 1138 31:
1393 1093 1450 1138 33.
1476 1084 1587 1138 Qae
1600 1076 1681 1123 do-

56 1155 146 1186 cent
161 1175 172 1195 ‚
187 1143 197 1185 l
203 1157 316 1204 egem
330 1142 413 1187 Dei
425 1140 499 1186 sub
511 1143 771 1204 N.T.palam
786 1146 828 1187 ὃ(
841 1142 1000 1204 publice
1012 1176 1024 1196 ‚
1053 1157 1218 1188 remoto
1231 1144 1339 1197 ve10‚
1353 1141 1467 1204 quasi
1482 1144 1524 1187 in
1538 1142 1679 1189 medio

55 1205 236 1270 pofitum
249 1208 297 1252 iri
311 1242 322 1263 ,
349 1220 396 1253 ut
408 1207 511 1251 nulli
523 1204 704 1262 ἀοέὶοῑί,
722 1210 796 1269 qui
809 1209 1006 1271 peculiare
1017 1209 1191 1254 verbum
1206 1207 1356 1255 adferat
1374 1243 1386 1263 ,
1413 1223 1482 1255 aut
1495 1210 1678 1255 velatum

57 1271 224 1334 aliquod
247 1287 426 1337 exponat
447 1277 490 1318 δε
513 1273 691 1335 publicet
706 1308 718 1328 ‚
743 1275 858 1320 locus
879 1273 1042 1320 futurus
1065 1273 1130 1321 sit.
1166 1278 1240 1319 Vbs
1264 1290 1403 1320 autem
1416 1293 1464 1320 ne
1475 1284 1678 1320 vocaminiv

55 1338 303 1393 Rabbi,unus
314 1339 366 1400 est
377 1347 483 1385 em'm
495 1341 644 1386 Doffor
656 1340 936 1403 vester,nempe
951 1340 1144 1399 Christus,
1154 1358 1286 1386 omnes
1297 1356 1435 1386 autem
1448 1358 1518 1386 vos
1519 1342 1679 1401 fratres

57 1404 153 1464 estis.
186 1403 341 1452 Matth.
360 1421 423 1467 23:
440 1406 482 1460 8,
504 1422 570 1452 10.
604 1410 706 1450 Non
719 1414 823 1451 enim
837 1405 1134 1464 aliascrt'bt'mns
1147 1406 1258 1452 vobis
1272 1440 1283 1460 ,
1299 1425 1426 1468 quam
1439 1426 1522 1470 qnae
1534 1409 1677 1470 legitis,

57 1486 131 1515 aut
151 1479 274 1516 etiam
308 1471 522 1535 agnoscitis.
582 1489 621 1517 2.
646 1476 751 1518 Cor.
782 1490 819 1517 1:
850 1490 866 1518 1
876 1489 915 1525 2,
945 1489 1005 1533 13.
1052 1474 1237 1518 Attende
1272 1474 1424 1518 lemma·
1438 1507 1449 1525 ,
1487 1472 1678 1518 exhorta-

57 1542 150 1581 tioni
163 1570 174 1591 ‚
188 1539 377 1583 doffrinae.
395 1540 549 1585 1.Tim.
559 1553 604 1599 4:
615 1556 630 1584 1
640 1555 674 1600 3.
692 1544 802 1601 Qae
817 1539 934 1602 plane
948 1539 1102 1585 tollunt
1113 1537 1350 1585 traditiones
1364 1541 1482 1584 unius
1496 1536 1678 1584 hominis

56 1603 211 1665 Ρεᾶοτί
222 1603 404 1658 inclusas,
416 1606 490 1665 qui
507 1604 612 1649 solus
624 1621 685 1650 eas
696 1607 878 1650 eructare
890 1609 932 1650 &
946 1602 1135 1649 fidelibus
1147 1606 1359 1667 imponere
1372 1602 1512 1666 poffit.

119 1670 200 1714 XX
208 1671 345 1732 XV.4.
353 1674 410 1718 Et
422 1687 494 1716 cur
504 1687 565 1716 eas
578 1673 693 1717 Deus
704 1671 851 1733 scripto
864 1669 1095 1732 consignari
1108 1687 1194 1715 non
1204 1668 1335 1730 juffitZ
1356 1672 1484 1716 Nulla
1497 1673 1607 1716 enim
1620 1669 1678 1717 est
1697 1690 1773 1717 tum
1785 1681 1892 1716 ratia-

56 1735 175 1790 ratio,
189 1752 260 1781 cur
272 1753 398 1782 unam
408 1738 521 1783 verbi
534 1737 592 1782 sui
605 1750 759 1800 partem
773 1737 920 1800 scripto
934 1771 946 1791 ,
971 1737 1136 1782 alteram
1149 1738 1248 1781 vivo
1260 1739 1445 1782 sermone
1467 1740 1680 1800 propagari
1701 1732 1810 1772 ΜΨ·

56 1801 242 1848 voluerit.
279 1806 336 1850 Et
348 1803 452 1849 male
464 1804 641 1848 omnino
654 1802 840 1849 Ecclefiae
853 1804 930 1848 suae
944 1799 1201 1849 consuluisset
1215 1837 1227 1857 ,
1250 1817 1335 1848 tam
1360 1800 1611 1848 neceffariam
1625 1804 1681 1849 sa·

58 1881 134 1912 crae
158 1866 358 1915 doetrinae
388 1885 545 1932 partem
558 1871 719 1916 incertae
734 1867 959 1914 hominum
972 1866 1181 1914 traditioni
1197 1867 1513 1916 committendo.
1553 1871 1684 1917 Nulla

0 1957 1 1968 κ
58 1934 166 1978 enim
179 1933 237 1980 est
248 1933 429 1989 traditio,
458 1952 551 1996 quae
565 1935 675 1998 lapsu
687 1936 883 1998 temporis
896 1936 1106 1996 corrumpi
1119 1950 1205 1979 non
1219 1932 1341 1998 possit
1359 1955 1368 1980 ι
1395 1932 1514 1996 quod
1526 1936 1567 1979 in
1581 1952 1681 1998 pro-

59 1997 247 2046 missione
259 2001 452 2064 primaevzi
467 2036 479 2056 ,
493 2018 586 2061 quae
599 2003 682 2047 cito
694 2003 799 2047 inter
811 1998 966 2046 Adarni
981 1999 1164 2063 posteros
1177 2017 1368 2064 corrupta
1379 2001 1676 2063 lhit‚apparuit;

59 2069 102 2110 &
126 2064 305 2113 similiter
328 2069 370 2112 in
394 2066 584 2114 catechesi
597 2066 899 2130 Prophetarum
913 2101 925 2120 ,
950 2083 1043 2127 quae
1056 2067 1148 2112 licet
1159 2068 1203 2112 iis
1214 2066 1360 2113 tradita
1374 2102 1385 2121 ‚
1399 2070 1472 2128 qui
1485 2069 1526 2111 in
1542 2066 1676 2113 cathe-

60 2129 132 2178 dra
146 2132 279 2179 Molis
291 2133 490 2188 sedebant,
502 2151 595 2195 quae
609 2135 862 2198 particulares
874 2129 1157 2195 promissiones
1168 2130 1353 2185 habebat,
1370 2147 1503 2179 tamen
1518 2131 1675 2179 adulte-

60 2212 143 2244 rata
156 2203 197 2244 &
211 2198 516 2262 propemodum
529 2202 706 2246 extinffli
717 2199 810 2245 fuit.
845 2202 1047 2259 Cumque
1058 2200 1099 2243 in
1113 2216 1193 2244 una
1204 2213 1323 2262 gente
1333 2235 1345 2250 ,
1375 2216 1468 2259 quae
1482 2200 1552 2243 uni
1565 2213 1672 2245 tem-

3 2276 4 2280 ’
62 2264 133 2324 plo
157 2270 198 2311 δε
221 2265 418 2314 cathedra:
443 2263 563 2311 affixa
575 2281 657 2312 erat
669 2302 681 2318 ,
709 2264 790 2311 hoc
803 2262 987 2310 acciderit
999 2299 1012 2319 ‚
1038 2263 1143 2325 quid
1154 2263 1204 2311 de
1216 2264 1389 2311 Ecclefid
1415 2269 1476 2313 N.
1488 2269 1546 2312 T.
1569 2266 1674 2311 inter

62 2341 126 2377 tot
138 2345 271 2394 gentes
283 2330 465 2396 dispersa,
479 2330 796 2378 existimandum
811 2338 830 2376 ?

127 2401 323 2445 XXXVI.
365 2415 401 2460 5.
425 2397 558 2446 Unde
579 2415 678 2444 vero
691 2398 904 2446 discrimen
916 2395 1026 2443 istud
1038 2397 1254 2445 hauserunt
1269 2433 1280 2453 ,
1305 2397 1424 2458 quod
1436 2397 1673 2445 traditiones

63 2465 152 2510 alias
164 2463 316 2511 divinas
331 2500 343 2520 ‚
367 2467 457 2511 alias
470 2464 729 2527 Apostolicas
742 2499 753 2519 ‚
779 2462 974 2525 quasdam
986 2466 1107 2510 etiam
1119 2464 1407 2510 Ecclesiasticas
1419 2464 1570 2510 faciunt
1585 2467 1599 2510 ἓ
1627 2469 1671 2509 &

64 2545 158 2575 cum
180 2529 347 2577 eandem
360 2529 623 2577 traditionem
637 2532 701 2576 alii
712 2529 1001 2593 Apostolicam
1015 2532 1140 2576 velint
1153 2565 1164 2584 ,
1179 2532 1241 2575 alii
1254 2545 1417 2576 tantum
1432 2532 1481 2576 ab
1493 2529 1672 2577 Ecclesia:

63 2610 223 2652 manare
244 2596 493 2648 contendant
507 2632 523 2658 ,
545 2598 637 2662 quis
660 2593 877 2648 diffensum
899 2594 1011 2646 hunc
1036 2611 1260 2661 componet
1282 2598 1301 2643 2,
1341 2602 1382 2644 δε
1407 2613 1502 2643 cum
1528 2597 1672 2708 mulltoe

1048 2665 1097 2710 H
1571 2678 1598 2707 o
1615 2663 1676 2708 im
