<?xml version="1.0" encoding="UTF-8"?>
<!DOCTYPE html PUBLIC "-//W3C//DTD XHTML 1.0 Transitional//EN"
    "http://www.w3.org/TR/xhtml1/DTD/xhtml1-transitional.dtd">
<html xmlns="http://www.w3.org/1999/xhtml" xml:lang="en" lang="en">
 <head>
  <title>
</title>
<meta http-equiv="Content-Type" content="text/html;charset=utf-8" />
  <meta name='ocr-system' content='tesseract 3.04.00' />
  <meta name='ocr-capabilities' content='ocr_page ocr_carea ocr_par ocr_line ocrx_word'/>
</head>
<body>
  <div class='ocr_page' id='page_1' title='image "./francisciburmann00burm/francisciburmann00burm_0400.png"; bbox 0 0 2116 2901; ppageno 0'>
   <div class='ocr_carea' id='block_1_1' title="bbox 2046 0 2107 285">
    <p class='ocr_par' dir='ltr' id='par_1_1' title="bbox 2046 0 2107 285">
     <span class='ocr_line' id='line_1_1' title="bbox 2046 0 2107 285; baseline 0 0"><span class='ocrx_word' id='word_1_1' title='bbox 2046 0 2107 285; x_wconf 95' lang='lat' dir='ltr'>  </span> 
     </span>
    </p>
   </div>
   <div class='ocr_carea' id='block_1_2' title="bbox 235 150 2103 2598">
    <p class='ocr_par' dir='ltr' id='par_1_2' title="bbox 240 150 2103 458">
     <span class='ocr_line' id='line_1_2' title="bbox 467 150 1743 213; baseline -0.01 -1"><span class='ocrx_word' id='word_1_2' title='bbox 467 168 550 213; x_wconf 76' lang='lat'>156</span> <span class='ocrx_word' id='word_1_3' title='bbox 846 165 1014 209; x_wconf 57' lang='lat' dir='ltr'>Lis.</span> <span class='ocrx_word' id='word_1_4' title='bbox 1083 161 1121 206; x_wconf 90' lang='grc' dir='ltr'>Ι.</span> <span class='ocrx_word' id='word_1_5' title='bbox 1187 161 1490 205; x_wconf 71' lang='lat' dir='ltr'>CAPUT</span> <span class='ocrx_word' id='word_1_6' title='bbox 1555 150 1743 201; x_wconf 74' lang='lat' dir='ltr'>XXX:</span> 
     </span>
     <span class='ocr_line' id='line_1_3' title="bbox 244 231 2103 309; baseline -0.006 -13"><span class='ocrx_word' id='word_1_7' title='bbox 244 257 422 309; x_wconf 63' lang='lat' dir='ltr'>&gt;&#39;estinpro-</span> <span class='ocrx_word' id='word_1_8' title='bbox 464 243 530 293; x_wconf 88' lang='lat' dir='ltr'>sed</span> <span class='ocrx_word' id='word_1_9' title='bbox 554 248 595 292; x_wconf 89' lang='lat' dir='ltr'>in</span> <span class='ocrx_word' id='word_1_10' title='bbox 610 246 682 291; x_wconf 90' lang='lat' dir='ltr'>suo</span> <span class='ocrx_word' id='word_1_11' title='bbox 698 243 993 299; x_wconf 87' lang='lat' dir='ltr'>fundament0‚</span> <span class='ocrx_word' id='word_1_12' title='bbox 1028 245 1334 306; x_wconf 81' lang='lat' dir='ltr'>operationibus</span> <span class='ocrx_word' id='word_1_13' title='bbox 1344 242 1542 288; x_wconf 91' lang='lat' dir='ltr'>nimirum</span> <span class='ocrx_word' id='word_1_14' title='bbox 1554 241 1638 287; x_wconf 91' lang='lat' dir='ltr'>Dei</span> <span class='ocrx_word' id='word_1_15' title='bbox 1651 237 1701 285; x_wconf 86' lang='lat' dir='ltr'>ad</span> <span class='ocrx_word' id='word_1_16' title='bbox 1712 234 1844 292; x_wconf 56' lang='lat' dir='ltr'>intra.</span> <span class='ocrx_word' id='word_1_17' title='bbox 1867 249 1960 302; x_wconf 74' lang='lat' dir='ltr'>quae</span> <span class='ocrx_word' id='word_1_18' title='bbox 1973 231 2103 301; x_wconf 48' lang='lat' dir='ltr'>resp&#39;fg&#39;y</span> 
     </span>
     <span class='ocr_line' id='line_1_4' title="bbox 240 302 2102 375; baseline -0.005 -17"><span class='ocrx_word' id='word_1_19' title='bbox 240 312 437 364; x_wconf 62' lang='lat' dir='ltr'>primatibus</span> <span class='ocrx_word' id='word_1_20' title='bbox 467 314 581 359; x_wconf 87' lang='lat' dir='ltr'>ciunt</span> <span class='ocrx_word' id='word_1_21' title='bbox 605 312 791 374; x_wconf 83' lang='lat' dir='ltr'>personas</span> <span class='ocrx_word' id='word_1_22' title='bbox 813 312 910 375; x_wconf 84' lang='lat' dir='ltr'>ipsas</span> <span class='ocrx_word' id='word_1_23' title='bbox 933 315 972 358; x_wconf 90' lang='lat' dir='ltr'>S.-</span> <span class='ocrx_word' id='word_1_24' title='bbox 989 314 1029 357; x_wconf 89' lang='lat' dir='ltr'>S.</span> <span class='ocrx_word' id='word_1_25' title='bbox 1052 312 1267 358; x_wconf 80' lang='lat' dir='ltr'>Trinitatis</span> <span class='ocrx_word' id='word_1_26' title='bbox 1281 344 1294 366; x_wconf 89' lang='lat'>‚</span> <span class='ocrx_word' id='word_1_27' title='bbox 1319 323 1498 371; x_wconf 76' lang='lat' dir='ltr'>quaeque</span> <span class='ocrx_word' id='word_1_28' title='bbox 1521 304 1623 352; x_wconf 85' lang='lat' dir='ltr'>adeo</span> <span class='ocrx_word' id='word_1_29' title='bbox 1649 303 1964 350; x_wconf 79' lang='lat' dir='ltr'>fundamentum</span> <span class='ocrx_word' id='word_1_30' title='bbox 1977 302 2102 367; x_wconf 61' lang='lat' dir='ltr'>quaffi&#39;</span> 
     </span>
     <span class='ocr_line' id='line_1_5' title="bbox 242 368 2090 458; baseline -0.003 -35"><span class='ocrx_word' id='word_1_31' title='bbox 242 368 427 458; x_wconf 44' lang='lat' dir='ltr'>personali·</span> <span class='ocrx_word' id='word_1_32' title='bbox 466 378 557 424; x_wconf 89' lang='lat' dir='ltr'>sunt</span> <span class='ocrx_word' id='word_1_33' title='bbox 582 383 625 424; x_wconf 86' lang='lat'>&amp;</span> <span class='ocrx_word' id='word_1_34' title='bbox 647 380 750 424; x_wconf 88' lang='lat' dir='ltr'>ratio</span> <span class='ocrx_word' id='word_1_35' title='bbox 778 411 791 432; x_wconf 87' lang='lat'>,</span> <span class='ocrx_word' id='word_1_36' title='bbox 832 395 905 424; x_wconf 88' lang='lat' dir='ltr'>cur</span> <span class='ocrx_word' id='word_1_37' title='bbox 927 378 1106 441; x_wconf 86' lang='lat' dir='ltr'>personae</span> <span class='ocrx_word' id='word_1_38' title='bbox 1145 375 1311 440; x_wconf 80' lang='lat' dir='ltr'>fingulae</span> <span class='ocrx_word' id='word_1_39' title='bbox 1353 376 1422 421; x_wconf 85' lang='lat' dir='ltr'>tali</span> <span class='ocrx_word' id='word_1_40' title='bbox 1457 377 1500 418; x_wconf 88' lang='lat'>&amp;</span> <span class='ocrx_word' id='word_1_41' title='bbox 1524 372 1592 418; x_wconf 79' lang='lat' dir='ltr'>tali</span> <span class='ocrx_word' id='word_1_42' title='bbox 1617 368 1750 416; x_wconf 92' lang='lat' dir='ltr'>modo</span> <span class='ocrx_word' id='word_1_43' title='bbox 1784 380 1966 434; x_wconf 50' lang='grc' dir='ltr'>ὼριξξεῳς</span> <span class='ocrx_word' id='word_1_44' title='bbox 1995 369 2090 417; x_wconf 77' lang='lat' dir='ltr'>suh--</span> 
     </span>
    </p>

    <p class='ocr_par' dir='ltr' id='par_1_3' title="bbox 235 436 2093 900">
     <span class='ocr_line' id='line_1_6' title="bbox 268 436 616 489; baseline 0 0"><span class='ocrx_word' id='word_1_45' title='bbox 268 436 305 460; x_wconf 71' lang='lat'>&#39;⁴⁵</span> <span class='ocrx_word' id='word_1_46' title='bbox 324 449 333 459; x_wconf 82' lang='lat'><em>⁰</em></span> <span class='ocrx_word' id='word_1_47' title='bbox 465 442 616 489; x_wconf 79' lang='lat' dir='ltr'>fistant.</span> 
     </span>
     <span class='ocr_line' id='line_1_7' title="bbox 242 501 2083 572; baseline -0.007 -14"><span class='ocrx_word' id='word_1_48' title='bbox 242 521 326 560; x_wconf 77' lang='lat' dir='ltr'>quas</span> <span class='ocrx_word' id='word_1_49' title='bbox 348 517 428 557; x_wconf 69' lang='lat' dir='ltr'>P‘r·</span> <span class='ocrx_word' id='word_1_50' title='bbox 528 512 682 555; x_wconf 89' lang='lat' dir='ltr'>XXIX.</span> <span class='ocrx_word' id='word_1_51' title='bbox 721 511 829 555; x_wconf 93' lang='lat' dir='ltr'>Non</span> <span class='ocrx_word' id='word_1_52' title='bbox 853 509 945 555; x_wconf 86' lang='lat' dir='ltr'>sunt</span> <span class='ocrx_word' id='word_1_53' title='bbox 969 523 1106 555; x_wconf 87' lang='lat' dir='ltr'>autem</span> <span class='ocrx_word' id='word_1_54' title='bbox 1128 509 1204 555; x_wconf 82' lang='lat' dir='ltr'>illae</span> <span class='ocrx_word' id='word_1_55' title='bbox 1230 507 1490 572; x_wconf 75' lang='lat' dir='ltr'>proprietates</span> <span class='ocrx_word' id='word_1_56' title='bbox 1501 503 1766 567; x_wconf 72' lang='lat' dir='ltr'>perfeffiones</span> <span class='ocrx_word' id='word_1_57' title='bbox 1777 501 1942 566; x_wconf 75' lang='lat' dir='ltr'>proprie</span> <span class='ocrx_word' id='word_1_58' title='bbox 1955 505 2083 566; x_wconf 86' lang='lat' dir='ltr'>appel.</span> 
     </span>
     <span class='ocr_line' id='line_1_8' title="bbox 239 566 2082 637; baseline -0.003 -17"><span class='ocrx_word' id='word_1_59' title='bbox 239 574 354 626; x_wconf 56' lang='lat' dir='ltr'>mem</span> <span class='ocrx_word' id='word_1_60' title='bbox 361 572 436 611; x_wconf 81' lang='lat' dir='ltr'>per·</span> <span class='ocrx_word' id='word_1_61' title='bbox 459 573 588 620; x_wconf 77' lang='lat' dir='ltr'>landae</span> <span class='ocrx_word' id='word_1_62' title='bbox 609 592 621 628; x_wconf 82' lang='lat'>3</span> <span class='ocrx_word' id='word_1_63' title='bbox 637 591 770 636; x_wconf 89' lang='lat' dir='ltr'>neque</span> <span class='ocrx_word' id='word_1_64' title='bbox 783 574 884 620; x_wconf 87' lang='lat' dir='ltr'>adeo</span> <span class='ocrx_word' id='word_1_65' title='bbox 897 574 992 621; x_wconf 90' lang='lat' dir='ltr'>hinc</span> <span class='ocrx_word' id='word_1_66' title='bbox 1004 592 1084 621; x_wconf 85' lang='lat' dir='ltr'>una</span> <span class='ocrx_word' id='word_1_67' title='bbox 1097 575 1277 637; x_wconf 86' lang='lat' dir='ltr'>persona,</span> <span class='ocrx_word' id='word_1_68' title='bbox 1290 574 1348 619; x_wconf 92' lang='lat' dir='ltr'>ob</span> <span class='ocrx_word' id='word_1_69' title='bbox 1360 573 1615 635; x_wconf 82' lang='lat' dir='ltr'>peculiarem,</span> <span class='ocrx_word' id='word_1_70' title='bbox 1630 585 1757 629; x_wconf 90' lang='lat' dir='ltr'>quam</span> <span class='ocrx_word' id='word_1_71' title='bbox 1769 566 1947 631; x_wconf 75' lang='lat' dir='ltr'>possidet</span> <span class='ocrx_word' id='word_1_72' title='bbox 1959 603 1972 623; x_wconf 89' lang='lat'>‚</span> <span class='ocrx_word' id='word_1_73' title='bbox 1988 585 2082 631; x_wconf 53' lang='grc' dir='ltr'>Ρτο.ν</span> 
     </span>
     <span class='ocr_line' id='line_1_9' title="bbox 235 617 2093 708; baseline -0.001 -25"><span class='ocrx_word' id='word_1_74' title='bbox 235 617 388 708; x_wconf 50' lang='grc' dir='ltr'>Ῐῖῗιῖἴε3</span> <span class='ocrx_word' id='word_1_75' title='bbox 458 641 667 702; x_wconf 73' lang='lat' dir='ltr'>prietatem</span> <span class='ocrx_word' id='word_1_76' title='bbox 692 642 956 702; x_wconf 86' lang='lat' dir='ltr'>personalem,</span> <span class='ocrx_word' id='word_1_77' title='bbox 979 640 1195 704; x_wconf 70' lang='lat' dir='ltr'>perfeffior</span> <span class='ocrx_word' id='word_1_78' title='bbox 1207 640 1327 686; x_wconf 64' lang='lat' dir='ltr'>altera</span> <span class='ocrx_word' id='word_1_79' title='bbox 1343 634 1563 683; x_wconf 78' lang='lat' dir='ltr'>statuenda.</span> <span class='ocrx_word' id='word_1_80' title='bbox 1598 638 1714 680; x_wconf 91' lang='lat' dir='ltr'>Cum</span> <span class='ocrx_word' id='word_1_81' title='bbox 1727 636 1837 679; x_wconf 91' lang='lat' dir='ltr'>enim</span> <span class='ocrx_word' id='word_1_82' title='bbox 1849 636 1985 680; x_wconf 88' lang='lat' dir='ltr'>omnis</span> <span class='ocrx_word' id='word_1_83' title='bbox 1994 645 2093 697; x_wconf 71' lang='lat' dir='ltr'>per-‘</span> 
     </span>
     <span class='ocr_line' id='line_1_10' title="bbox 241 681 2082 775; baseline -0.003 -23"><span class='ocrx_word' id='word_1_84' title='bbox 241 681 384 775; x_wconf 33' lang='lat' dir='ltr'>{Mida</span> <span class='ocrx_word' id='word_1_85' title='bbox 459 703 583 750; x_wconf 69' lang='lat' dir='ltr'>stffio</span> <span class='ocrx_word' id='word_1_86' title='bbox 608 707 670 751; x_wconf 89' lang='lat' dir='ltr'>vel</span> <span class='ocrx_word' id='word_1_87' title='bbox 695 705 743 751; x_wconf 87' lang='lat' dir='ltr'>fit</span> <span class='ocrx_word' id='word_1_88' title='bbox 757 707 938 754; x_wconf 75' lang='lat' dir='ltr'>absolute</span> <span class='ocrx_word' id='word_1_89' title='bbox 952 723 995 752; x_wconf 89' lang='lat' dir='ltr'>ac</span> <span class='ocrx_word' id='word_1_90' title='bbox 1010 706 1240 767; x_wconf 87' lang='lat' dir='ltr'>fimpliciter</span> <span class='ocrx_word' id='word_1_91' title='bbox 1250 707 1352 758; x_wconf 85' lang='lat' dir='ltr'>talis,</span> <span class='ocrx_word' id='word_1_92' title='bbox 1376 705 1441 748; x_wconf 85' lang='lat' dir='ltr'>vel</span> <span class='ocrx_word' id='word_1_93' title='bbox 1452 704 1494 747; x_wconf 90' lang='lat' dir='ltr'>in</span> <span class='ocrx_word' id='word_1_94' title='bbox 1507 702 1579 746; x_wconf 90' lang='lat' dir='ltr'>suo</span> <span class='ocrx_word' id='word_1_95' title='bbox 1592 716 1739 762; x_wconf 82' lang='lat' dir='ltr'>genere</span> <span class='ocrx_word' id='word_1_96' title='bbox 1749 714 1909 746; x_wconf 84' lang='lat' dir='ltr'>tantum</span> <span class='ocrx_word' id='word_1_97' title='bbox 1923 715 1935 750; x_wconf 86' lang='lat'>3</span> <span class='ocrx_word' id='word_1_98' title='bbox 1962 702 2082 762; x_wconf 77' lang='lat' dir='ltr'>primi</span> 
     </span>
     <span class='ocr_line' id='line_1_11' title="bbox 460 766 2075 834; baseline -0.002 -19"><span class='ocrx_word' id='word_1_99' title='bbox 460 773 613 831; x_wconf 85' lang='lat' dir='ltr'>generis</span> <span class='ocrx_word' id='word_1_100' title='bbox 624 771 889 833; x_wconf 59' lang='lat' dir='ltr'>perfeffitiones</span> <span class='ocrx_word' id='word_1_101' title='bbox 900 789 985 817; x_wconf 90' lang='lat' dir='ltr'>non</span> <span class='ocrx_word' id='word_1_102' title='bbox 1000 772 1175 834; x_wconf 86' lang='lat' dir='ltr'>personis</span> <span class='ocrx_word' id='word_1_103' title='bbox 1188 806 1199 825; x_wconf 91' lang='lat'>‚</span> <span class='ocrx_word' id='word_1_104' title='bbox 1212 769 1277 816; x_wconf 92' lang='lat' dir='ltr'>sed</span> <span class='ocrx_word' id='word_1_105' title='bbox 1289 767 1460 816; x_wconf 71' lang='lat' dir='ltr'>ess‘entiae</span> <span class='ocrx_word' id='word_1_106' title='bbox 1473 766 1621 813; x_wconf 75' lang='lat' dir='ltr'>divinae</span> <span class='ocrx_word' id='word_1_107' title='bbox 1634 766 1797 828; x_wconf 75' lang='lat' dir='ltr'>proprie</span> <span class='ocrx_word' id='word_1_108' title='bbox 1812 767 2075 820; x_wconf 88' lang='lat' dir='ltr'>conveniunt,</span> 
     </span>
     <span class='ocr_line' id='line_1_12' title="bbox 462 830 2080 900; baseline 0.001 -21"><span class='ocrx_word' id='word_1_109' title='bbox 462 833 648 897; x_wconf 83' lang='lat' dir='ltr'>adeoque</span> <span class='ocrx_word' id='word_1_110' title='bbox 671 838 866 883; x_wconf 88' lang='lat' dir='ltr'>omnibus</span> <span class='ocrx_word' id='word_1_111' title='bbox 888 838 1063 900; x_wconf 88' lang='lat' dir='ltr'>personis</span> <span class='ocrx_word' id='word_1_112' title='bbox 1085 838 1293 897; x_wconf 80' lang='lat' dir='ltr'>aequaliter</span> <span class='ocrx_word' id='word_1_113' title='bbox 1321 834 1489 881; x_wconf 81' lang='lat' dir='ltr'>adsunt:</span> <span class='ocrx_word' id='word_1_114' title='bbox 1516 830 1748 895; x_wconf 86' lang='lat' dir='ltr'>posterioris</span> <span class='ocrx_word' id='word_1_115' title='bbox 1771 846 1906 878; x_wconf 90' lang='lat' dir='ltr'>autem</span> <span class='ocrx_word' id='word_1_116' title='bbox 1931 833 2080 894; x_wconf 84' lang='lat' dir='ltr'>generis</span> 
     </span>
    </p>

    <p class='ocr_par' dir='ltr' id='par_1_4' title="bbox 467 895 2077 964">
     <span class='ocr_line' id='line_1_13' title="bbox 467 895 2077 964; baseline -0.001 -20"><span class='ocrx_word' id='word_1_117' title='bbox 467 898 519 954; x_wconf 84' lang='lat' dir='ltr'>(fi</span> <span class='ocrx_word' id='word_1_118' title='bbox 545 900 676 947; x_wconf 91' lang='lat' dir='ltr'>modo</span> <span class='ocrx_word' id='word_1_119' title='bbox 701 903 966 964; x_wconf 63' lang='lat' dir='ltr'>perfeetiones</span> <span class='ocrx_word' id='word_1_120' title='bbox 988 919 1049 948; x_wconf 83' lang='lat' dir='ltr'>eas</span> <span class='ocrx_word' id='word_1_121' title='bbox 1072 918 1216 948; x_wconf 86' lang='lat' dir='ltr'>vocare</span> <span class='ocrx_word' id='word_1_122' title='bbox 1239 903 1361 955; x_wconf 86' lang='lat' dir='ltr'>velis,</span> <span class='ocrx_word' id='word_1_123' title='bbox 1385 897 1504 960; x_wconf 89' lang='lat' dir='ltr'>quod</span> <span class='ocrx_word' id='word_1_124' title='bbox 1528 914 1614 942; x_wconf 91' lang='lat' dir='ltr'>non</span> <span class='ocrx_word' id='word_1_125' title='bbox 1639 896 1713 942; x_wconf 80' lang='lat' dir='ltr'>nifi</span> <span class='ocrx_word' id='word_1_126' title='bbox 1726 900 1837 942; x_wconf 87' lang='lat' dir='ltr'>tenui</span> <span class='ocrx_word' id='word_1_127' title='bbox 1851 895 2077 946; x_wconf 78' lang='lat' dir='ltr'>admodum</span> 
     </span>
    </p>

    <p class='ocr_par' dir='ltr' id='par_1_5' title="bbox 463 962 2078 1030">
     <span class='ocr_line' id='line_1_14' title="bbox 463 962 2078 1030; baseline -0.002 -21"><span class='ocrx_word' id='word_1_128' title='bbox 463 965 575 1011; x_wconf 90' lang='lat' dir='ltr'>sensu</span> <span class='ocrx_word' id='word_1_129' title='bbox 589 965 675 1012; x_wconf 89' lang='lat' dir='ltr'>fieri</span> <span class='ocrx_word' id='word_1_130' title='bbox 688 967 821 1030; x_wconf 90' lang='lat' dir='ltr'>potest</span> <span class='ocrx_word' id='word_1_131' title='bbox 837 973 856 1022; x_wconf 90' lang='lat'>)</span> <span class='ocrx_word' id='word_1_132' title='bbox 882 982 1044 1014; x_wconf 86' lang='lat' dir='ltr'>tantum</span> <span class='ocrx_word' id='word_1_133' title='bbox 1058 969 1230 1013; x_wconf 71' lang='lat' dir='ltr'>relativae</span> <span class='ocrx_word' id='word_1_134' title='bbox 1245 966 1336 1018; x_wconf 79' lang='lat' dir='ltr'>sint,</span> <span class='ocrx_word' id='word_1_135' title='bbox 1354 982 1446 1026; x_wconf 79' lang='lat' dir='ltr'>quae</span> <span class='ocrx_word' id='word_1_136' title='bbox 1460 966 1514 1009; x_wconf 81' lang='lat' dir='ltr'>ita</span> <span class='ocrx_word' id='word_1_137' title='bbox 1529 962 1691 1025; x_wconf 81' lang='lat' dir='ltr'>singulis</span> <span class='ocrx_word' id='word_1_138' title='bbox 1704 963 1878 1024; x_wconf 87' lang='lat' dir='ltr'>personis</span> <span class='ocrx_word' id='word_1_139' title='bbox 1890 965 2078 1010; x_wconf 87' lang='lat' dir='ltr'>conveni.</span> 
     </span>
    </p>

    <p class='ocr_par' dir='ltr' id='par_1_6' title="bbox 245 1027 2084 1751">
     <span class='ocr_line' id='line_1_15' title="bbox 465 1027 2084 1096; baseline 0 -21"><span class='ocrx_word' id='word_1_140' title='bbox 465 1045 543 1076; x_wconf 88' lang='lat' dir='ltr'>unt</span> <span class='ocrx_word' id='word_1_141' title='bbox 565 1047 611 1077; x_wconf 89' lang='lat' dir='ltr'>ut</span> <span class='ocrx_word' id='word_1_142' title='bbox 634 1034 675 1077; x_wconf 89' lang='lat' dir='ltr'>in</span> <span class='ocrx_word' id='word_1_143' title='bbox 689 1035 771 1079; x_wconf 87' lang='lat' dir='ltr'>aliis</span> <span class='ocrx_word' id='word_1_144' title='bbox 783 1035 960 1096; x_wconf 86' lang='lat' dir='ltr'>personis</span> <span class='ocrx_word' id='word_1_145' title='bbox 973 1033 1236 1096; x_wconf 70' lang='lat' dir='ltr'>perfeffiones</span> <span class='ocrx_word' id='word_1_146' title='bbox 1249 1044 1404 1094; x_wconf 82' lang='lat' dir='ltr'>ponant</span> <span class='ocrx_word' id='word_1_147' title='bbox 1416 1031 1644 1079; x_wconf 77' lang='lat' dir='ltr'>correlata53</span> <span class='ocrx_word' id='word_1_148' title='bbox 1674 1042 1720 1072; x_wconf 87' lang='lat' dir='ltr'>ut</span> <span class='ocrx_word' id='word_1_149' title='bbox 1732 1042 1852 1074; x_wconf 76' lang='lat' dir='ltr'>tantae</span> <span class='ocrx_word' id='word_1_150' title='bbox 1866 1027 2084 1090; x_wconf 69' lang='lat' dir='ltr'>perfectio-¹</span> 
     </span>
     <span class='ocr_line' id='line_1_16' title="bbox 464 1091 2078 1161; baseline -0.001 -22"><span class='ocrx_word' id='word_1_151' title='bbox 464 1098 526 1141; x_wconf 87' lang='lat' dir='ltr'>nis</span> <span class='ocrx_word' id='word_1_152' title='bbox 551 1096 600 1143; x_wconf 85' lang='lat' dir='ltr'>fit</span> <span class='ocrx_word' id='word_1_153' title='bbox 624 1095 698 1142; x_wconf 84' lang='lat' dir='ltr'>effe</span> <span class='ocrx_word' id='word_1_154' title='bbox 721 1116 784 1144; x_wconf 85' lang='lat' dir='ltr'>ex.</span> <span class='ocrx_word' id='word_1_155' title='bbox 795 1116 856 1161; x_wconf 83' lang='lat' dir='ltr'>gr.</span> <span class='ocrx_word' id='word_1_156' title='bbox 880 1101 1031 1145; x_wconf 83' lang='lat' dir='ltr'>Filium</span> <span class='ocrx_word' id='word_1_157' title='bbox 1055 1112 1124 1143; x_wconf 90' lang='lat' dir='ltr'>aut</span> <span class='ocrx_word' id='word_1_158' title='bbox 1136 1103 1201 1160; x_wconf 89' lang='lat' dir='ltr'>Sp.</span> <span class='ocrx_word' id='word_1_159' title='bbox 1229 1099 1429 1147; x_wconf 70' lang='lat' dir='ltr'>san&amp;Um‚</span> <span class='ocrx_word' id='word_1_160' title='bbox 1444 1108 1607 1155; x_wconf 53' lang='lat' dir='ltr'>quantaer</span> <span class='ocrx_word' id='word_1_161' title='bbox 1620 1091 1694 1138; x_wconf 88' lang='lat' dir='ltr'>esse</span> <span class='ocrx_word' id='word_1_162' title='bbox 1706 1098 1878 1139; x_wconf 87' lang='lat' dir='ltr'>Patrem.</span> <span class='ocrx_word' id='word_1_163' title='bbox 1915 1097 2078 1140; x_wconf 75' lang='lat' dir='ltr'>Praeter-</span> 
     </span>
     <span class='ocr_line' id='line_1_17' title="bbox 466 1155 2076 1226; baseline -0.002 -19"><span class='ocrx_word' id='word_1_164' title='bbox 466 1178 593 1221; x_wconf 82' lang='lat' dir='ltr'>quam</span> <span class='ocrx_word' id='word_1_165' title='bbox 618 1162 737 1224; x_wconf 88' lang='lat' dir='ltr'>quod</span> <span class='ocrx_word' id='word_1_166' title='bbox 759 1166 802 1209; x_wconf 91' lang='lat' dir='ltr'>in</span> <span class='ocrx_word' id='word_1_167' title='bbox 826 1166 896 1219; x_wconf 84' lang='lat' dir='ltr'>iis,</span> <span class='ocrx_word' id='word_1_168' title='bbox 921 1182 1014 1226; x_wconf 83' lang='lat' dir='ltr'>quae</span> <span class='ocrx_word' id='word_1_169' title='bbox 1038 1163 1190 1211; x_wconf 75' lang='lat' dir='ltr'>diversa</span> <span class='ocrx_word' id='word_1_170' title='bbox 1214 1180 1257 1208; x_wconf 84' lang='lat' dir='ltr'>ac</span> <span class='ocrx_word' id='word_1_171' title='bbox 1269 1161 1459 1208; x_wconf 64' lang='lat' dir='ltr'>distincffta</span> <span class='ocrx_word' id='word_1_172' title='bbox 1472 1160 1584 1214; x_wconf 89' lang='lat' dir='ltr'>sunt,</span> <span class='ocrx_word' id='word_1_173' title='bbox 1624 1175 1710 1203; x_wconf 91' lang='lat' dir='ltr'>non</span> <span class='ocrx_word' id='word_1_174' title='bbox 1723 1158 1934 1221; x_wconf 84' lang='lat' dir='ltr'>procedat,</span> <span class='ocrx_word' id='word_1_175' title='bbox 1963 1155 2076 1220; x_wconf 88' lang='lat' dir='ltr'>quod</span> 
     </span>
     <span class='ocr_line' id='line_1_18' title="bbox 465 1222 2076 1291; baseline -0.001 -20"><span class='ocrx_word' id='word_1_176' title='bbox 465 1242 595 1273; x_wconf 82' lang='lat' dir='ltr'>carere</span> <span class='ocrx_word' id='word_1_177' title='bbox 617 1246 659 1273; x_wconf 92' lang='lat' dir='ltr'>re</span> <span class='ocrx_word' id='word_1_178' title='bbox 683 1231 841 1290; x_wconf 85' lang='lat' dir='ltr'>aliqua,</span> <span class='ocrx_word' id='word_1_179' title='bbox 868 1247 961 1291; x_wconf 82' lang='lat' dir='ltr'>quae</span> <span class='ocrx_word' id='word_1_180' title='bbox 986 1232 1050 1275; x_wconf 90' lang='lat' dir='ltr'>alii</span> <span class='ocrx_word' id='word_1_181' title='bbox 1073 1228 1200 1283; x_wconf 78' lang='lat' dir='ltr'>adsit,</span> <span class='ocrx_word' id='word_1_182' title='bbox 1226 1228 1275 1274; x_wconf 86' lang='lat' dir='ltr'>fit</span> <span class='ocrx_word' id='word_1_183' title='bbox 1298 1225 1564 1290; x_wconf 64' lang='lat' dir='ltr'>imperfecfftiO.</span> <span class='ocrx_word' id='word_1_184' title='bbox 1600 1227 1663 1271; x_wconf 89' lang='lat' dir='ltr'>Sic</span> <span class='ocrx_word' id='word_1_185' title='bbox 1686 1226 1795 1269; x_wconf 88' lang='lat' dir='ltr'>enim</span> <span class='ocrx_word' id='word_1_186' title='bbox 1808 1225 1950 1269; x_wconf 86' lang='lat' dir='ltr'>oculus</span> <span class='ocrx_word' id='word_1_187' title='bbox 1961 1222 2076 1286; x_wconf 78' lang='lat' dir='ltr'>habet</span> 
     </span>
     <span class='ocr_line' id='line_1_19' title="bbox 465 1289 2075 1352; baseline -0.001 -15"><span class='ocrx_word' id='word_1_188' title='bbox 465 1292 585 1352; x_wconf 84' lang='lat' dir='ltr'>quod</span> <span class='ocrx_word' id='word_1_189' title='bbox 598 1296 702 1340; x_wconf 86' lang='lat' dir='ltr'>auris</span> <span class='ocrx_word' id='word_1_190' title='bbox 714 1311 800 1340; x_wconf 92' lang='lat' dir='ltr'>non</span> <span class='ocrx_word' id='word_1_191' title='bbox 814 1295 934 1342; x_wconf 88' lang='lat' dir='ltr'>habet</span> <span class='ocrx_word' id='word_1_192' title='bbox 945 1331 958 1348; x_wconf 88' lang='lat'><em>‚</em></span> <span class='ocrx_word' id='word_1_193' title='bbox 985 1300 1027 1341; x_wconf 70' lang='grc' dir='ltr'>δε</span> <span class='ocrx_word' id='word_1_194' title='bbox 1039 1297 1124 1341; x_wconf 87' lang='lat' dir='ltr'>vice</span> <span class='ocrx_word' id='word_1_195' title='bbox 1138 1295 1269 1345; x_wconf 45' lang='lat' dir='ltr'>vers&amp;</span> <span class='ocrx_word' id='word_1_196' title='bbox 1298 1293 1354 1338; x_wconf 90' lang='lat' dir='ltr'>est</span> <span class='ocrx_word' id='word_1_197' title='bbox 1366 1307 1501 1338; x_wconf 78' lang='lat' dir='ltr'>tamen</span> <span class='ocrx_word' id='word_1_198' title='bbox 1515 1307 1631 1352; x_wconf 77' lang='lat' dir='ltr'>aeque</span> <span class='ocrx_word' id='word_1_199' title='bbox 1654 1289 1827 1352; x_wconf 63' lang='lat' dir='ltr'>perfecta</span> <span class='ocrx_word' id='word_1_200' title='bbox 1839 1291 1942 1335; x_wconf 85' lang='lat' dir='ltr'>auris</span> <span class='ocrx_word' id='word_1_201' title='bbox 1953 1292 1994 1334; x_wconf 92' lang='lat' dir='ltr'>in</span> <span class='ocrx_word' id='word_1_202' title='bbox 2006 1291 2075 1336; x_wconf 89' lang='lat' dir='ltr'>suo</span> 
     </span>
     <span class='ocr_line' id='line_1_20' title="bbox 463 1352 2075 1422; baseline -0.001 -20"><span class='ocrx_word' id='word_1_203' title='bbox 463 1372 607 1419; x_wconf 80' lang='lat' dir='ltr'>genere</span> <span class='ocrx_word' id='word_1_204' title='bbox 632 1377 675 1404; x_wconf 88' lang='lat' dir='ltr'>ac</span> <span class='ocrx_word' id='word_1_205' title='bbox 686 1363 842 1406; x_wconf 88' lang='lat' dir='ltr'>oculus.</span> <span class='ocrx_word' id='word_1_206' title='bbox 878 1363 1074 1422; x_wconf 81' lang='lat' dir='ltr'>Denique</span> <span class='ocrx_word' id='word_1_207' title='bbox 1087 1357 1160 1405; x_wconf 82' lang='lat' dir='ltr'>esse</span> <span class='ocrx_word' id='word_1_208' title='bbox 1174 1365 1349 1414; x_wconf 82' lang='lat' dir='ltr'>Patrem,</span> <span class='ocrx_word' id='word_1_209' title='bbox 1364 1354 1438 1402; x_wconf 81' lang='lat' dir='ltr'>effe</span> <span class='ocrx_word' id='word_1_210' title='bbox 1449 1358 1614 1411; x_wconf 84' lang='lat' dir='ltr'>Filium,</span> <span class='ocrx_word' id='word_1_211' title='bbox 1629 1352 1703 1401; x_wconf 83' lang='lat' dir='ltr'>effe</span> <span class='ocrx_word' id='word_1_212' title='bbox 1715 1359 1781 1418; x_wconf 87' lang='lat' dir='ltr'>Sp.</span> <span class='ocrx_word' id='word_1_213' title='bbox 1799 1360 1837 1401; x_wconf 85' lang='lat' dir='ltr'>S.</span> <span class='ocrx_word' id='word_1_214' title='bbox 1861 1353 1943 1401; x_wconf 81' lang='lat' dir='ltr'>hoc</span> <span class='ocrx_word' id='word_1_215' title='bbox 1954 1371 2075 1402; x_wconf 88' lang='lat' dir='ltr'>omne</span> 
     </span>
     <span class='ocr_line' id='line_1_21' title="bbox 463 1423 970 1484; baseline 0.01 -17"><span class='ocrx_word' id='word_1_216' title='bbox 463 1423 660 1484; x_wconf 70' lang='lat' dir='ltr'>pe1·fe6tio</span> <span class='ocrx_word' id='word_1_217' title='bbox 673 1424 730 1471; x_wconf 91' lang='lat' dir='ltr'>est</span> <span class='ocrx_word' id='word_1_218' title='bbox 742 1429 862 1472; x_wconf 86' lang='lat' dir='ltr'>unius</span> <span class='ocrx_word' id='word_1_219' title='bbox 872 1429 970 1473; x_wconf 89' lang='lat' dir='ltr'>Dei.</span> 
     </span>
     <span class='ocr_line' id='line_1_22' title="bbox 249 1485 2074 1554; baseline -0.005 -12"><span class='ocrx_word' id='word_1_220' title='bbox 249 1488 311 1529; x_wconf 61' lang='lat' dir='ltr'>Ex?</span> <span class='ocrx_word' id='word_1_221' title='bbox 324 1487 442 1541; x_wconf 51' lang='lat' dir='ltr'>&amp;uibus</span> <span class='ocrx_word' id='word_1_222' title='bbox 531 1491 664 1536; x_wconf 89' lang='lat' dir='ltr'>XXX.</span> <span class='ocrx_word' id='word_1_223' title='bbox 699 1495 844 1553; x_wconf 84' lang='lat' dir='ltr'>Atque</span> <span class='ocrx_word' id='word_1_224' title='bbox 857 1490 951 1538; x_wconf 90' lang='lat' dir='ltr'>hinc</span> <span class='ocrx_word' id='word_1_225' title='bbox 963 1493 1123 1537; x_wconf 84' lang='lat' dir='ltr'>varium</span> <span class='ocrx_word' id='word_1_226' title='bbox 1137 1491 1396 1554; x_wconf 83' lang='lat' dir='ltr'>personarum</span> <span class='ocrx_word' id='word_1_227' title='bbox 1410 1487 1624 1534; x_wconf 85' lang='lat' dir='ltr'>discrimen</span> <span class='ocrx_word' id='word_1_228' title='bbox 1651 1485 1838 1548; x_wconf 83' lang='lat' dir='ltr'>profluit.</span> <span class='ocrx_word' id='word_1_229' title='bbox 1870 1503 1904 1531; x_wconf 93' lang='lat'>1.</span> <span class='ocrx_word' id='word_1_230' title='bbox 1920 1486 2074 1542; x_wconf 81' lang='lat' dir='ltr'>ordinis,</span> 
     </span>
     <span class='ocr_line' id='line_1_23' title="bbox 249 1549 2076 1620; baseline 0 -22"><span class='ocrx_word' id='word_1_231' title='bbox 249 1559 342 1584; x_wconf 77' lang='lat' dir='ltr'>omne</span> <span class='ocrx_word' id='word_1_232' title='bbox 367 1557 441 1594; x_wconf 84' lang='lat' dir='ltr'>per·</span> <span class='ocrx_word' id='word_1_233' title='bbox 462 1552 578 1611; x_wconf 78' lang='lat' dir='ltr'>juxta</span> <span class='ocrx_word' id='word_1_234' title='bbox 603 1572 730 1616; x_wconf 88' lang='lat' dir='ltr'>quem</span> <span class='ocrx_word' id='word_1_235' title='bbox 752 1562 867 1603; x_wconf 88' lang='lat' dir='ltr'>Pater</span> <span class='ocrx_word' id='word_1_236' title='bbox 890 1560 1020 1620; x_wconf 80' lang='lat' dir='ltr'>prima</span> <span class='ocrx_word' id='word_1_237' title='bbox 1042 1556 1099 1602; x_wconf 86' lang='lat' dir='ltr'>est</span> <span class='ocrx_word' id='word_1_238' title='bbox 1125 1557 1316 1618; x_wconf 89' lang='lat' dir='ltr'>persona,</span> <span class='ocrx_word' id='word_1_239' title='bbox 1340 1557 1463 1601; x_wconf 83' lang='lat' dir='ltr'>Filius</span> <span class='ocrx_word' id='word_1_240' title='bbox 1475 1552 1668 1606; x_wconf 77' lang='lat' dir='ltr'>secunda,</span> <span class='ocrx_word' id='word_1_241' title='bbox 1692 1556 1757 1614; x_wconf 89' lang='lat' dir='ltr'>Sp.</span> <span class='ocrx_word' id='word_1_242' title='bbox 1785 1556 1824 1597; x_wconf 88' lang='lat' dir='ltr'>S.</span> <span class='ocrx_word' id='word_1_243' title='bbox 1850 1554 1975 1597; x_wconf 88' lang='lat' dir='ltr'>tertia.</span> <span class='ocrx_word' id='word_1_244' title='bbox 1989 1549 2076 1609; x_wconf 89' lang='lat' dir='ltr'>vide</span> 
     </span>
     <span class='ocr_line' id='line_1_24' title="bbox 245 1601 2075 1704; baseline -0.001 -40"><span class='ocrx_word' id='word_1_245' title='bbox 245 1601 369 1704; x_wconf 43' lang='lat' dir='ltr'>{Zoro</span> <span class='ocrx_word' id='word_1_246' title='bbox 373 1615 406 1638; x_wconf 91' lang='lat' dir='ltr'><em>m</em></span> <span class='ocrx_word' id='word_1_247' title='bbox 467 1619 624 1666; x_wconf 79' lang='lat' dir='ltr'>Matth.</span> <span class='ocrx_word' id='word_1_248' title='bbox 640 1639 675 1682; x_wconf 79' lang='lat'>3:</span> <span class='ocrx_word' id='word_1_249' title='bbox 694 1626 753 1674; x_wconf 77' lang='lat'>16,</span> <span class='ocrx_word' id='word_1_250' title='bbox 780 1641 844 1686; x_wconf 88' lang='lat'>17.</span> <span class='ocrx_word' id='word_1_251' title='bbox 872 1624 943 1669; x_wconf 88' lang='lat' dir='ltr'>ubi</span> <span class='ocrx_word' id='word_1_252' title='bbox 955 1628 1069 1677; x_wconf 85' lang='lat' dir='ltr'>Pater</span> <span class='ocrx_word' id='word_1_253' title='bbox 1083 1623 1105 1667; x_wconf 76' lang='grc' dir='ltr'>ὲ</span> <span class='ocrx_word' id='word_1_254' title='bbox 1120 1623 1377 1685; x_wconf 81' lang='lat' dir='ltr'>coelisJesum</span> <span class='ocrx_word' id='word_1_255' title='bbox 1391 1621 1558 1683; x_wconf 81' lang='lat' dir='ltr'>appellat</span> <span class='ocrx_word' id='word_1_256' title='bbox 1585 1621 1735 1664; x_wconf 83' lang='lat' dir='ltr'>Filium</span> <span class='ocrx_word' id='word_1_257' title='bbox 1738 1616 1866 1675; x_wconf 75' lang='lat' dir='ltr'>stium</span> <span class='ocrx_word' id='word_1_258' title='bbox 1879 1619 2075 1673; x_wconf 58' lang='lat' dir='ltr'>audium,</span> 
     </span>
     <span class='ocr_line' id='line_1_25' title="bbox 318 1669 2070 1751; baseline -0.001 -21"><span class='ocrx_word' id='word_1_259' title='bbox 318 1669 441 1707; x_wconf 47' lang='lat' dir='ltr'>&#39;imm&#39;</span> <span class='ocrx_word' id='word_1_260' title='bbox 468 1692 515 1738; x_wconf 45' lang='grc' dir='ltr'>(ᾖ</span> <span class='ocrx_word' id='word_1_261' title='bbox 538 1691 711 1749; x_wconf 73' lang='lat' dir='ltr'>Spiritus</span> <span class='ocrx_word' id='word_1_262' title='bbox 733 1693 774 1733; x_wconf 88' lang='lat' dir='ltr'>S.</span> <span class='ocrx_word' id='word_1_263' title='bbox 802 1704 1004 1751; x_wconf 73' lang='lat' dir='ltr'>tunquam</span> <span class='ocrx_word' id='word_1_264' title='bbox 1028 1687 1211 1733; x_wconf 75' lang='lat' dir='ltr'>columba</span> <span class='ocrx_word' id='word_1_265' title='bbox 1233 1687 1425 1744; x_wconf 84' lang='lat' dir='ltr'>descendit</span> <span class='ocrx_word' id='word_1_266' title='bbox 1448 1693 1496 1739; x_wconf 62' lang='lat'>&amp;⁴</span> <span class='ocrx_word' id='word_1_267' title='bbox 1519 1692 1632 1730; x_wconf 84' lang='lat' dir='ltr'>venit</span> <span class='ocrx_word' id='word_1_268' title='bbox 1650 1693 1769 1746; x_wconf 88' lang='lat' dir='ltr'>super</span> <span class='ocrx_word' id='word_1_269' title='bbox 1779 1685 1919 1746; x_wconf 81' lang='lat' dir='ltr'>ipsum.</span> <span class='ocrx_word' id='word_1_270' title='bbox 1947 1688 1989 1728; x_wconf 89' lang='lat'>&amp;</span> <span class='ocrx_word' id='word_1_271' title='bbox 2004 1684 2070 1730; x_wconf 87' lang='lat'>28:</span> 
     </span>
    </p>

    <p class='ocr_par' dir='ltr' id='par_1_7' title="bbox 473 1749 2071 1817">
     <span class='ocr_line' id='line_1_26' title="bbox 473 1749 2071 1817; baseline -0.001 -22"><span class='ocrx_word' id='word_1_272' title='bbox 473 1768 540 1808; x_wconf 90' lang='lat'>19.</span> <span class='ocrx_word' id='word_1_273' title='bbox 563 1751 758 1809; x_wconf 88' lang='lat' dir='ltr'>jubentur</span> <span class='ocrx_word' id='word_1_274' title='bbox 781 1752 915 1799; x_wconf 88' lang='lat' dir='ltr'>fideles</span> <span class='ocrx_word' id='word_1_275' title='bbox 939 1754 1126 1817; x_wconf 73' lang='lat' dir='ltr'>baptzsszri</span> <span class='ocrx_word' id='word_1_276' title='bbox 1150 1761 1191 1797; x_wconf 81' lang='lat' dir='ltr'>in</span> <span class='ocrx_word' id='word_1_277' title='bbox 1204 1771 1344 1797; x_wconf 81' lang='lat' dir='ltr'>nomen</span> <span class='ocrx_word' id='word_1_278' title='bbox 1358 1757 1506 1805; x_wconf 76' lang='lat' dir='ltr'>Putris,</span> <span class='ocrx_word' id='word_1_279' title='bbox 1522 1758 1569 1804; x_wconf 51' lang='grc' dir='ltr'><strong><em>ὠ</em></strong></span> <span class='ocrx_word' id='word_1_280' title='bbox 1582 1752 1673 1795; x_wconf 84' lang='lat' dir='ltr'>Filii</span> <span class='ocrx_word' id='word_1_281' title='bbox 1687 1756 1734 1802; x_wconf 47' lang='grc' dir='ltr'>(φ</span> <span class='ocrx_word' id='word_1_282' title='bbox 1747 1755 1918 1811; x_wconf 76' lang='lat' dir='ltr'>Spiritus</span> <span class='ocrx_word' id='word_1_283' title='bbox 1928 1749 2071 1794; x_wconf 64' lang='lat' dir='ltr'>Sano&#39;t&#39;i.</span> 
     </span>
    </p>

    <p class='ocr_par' dir='ltr' id='par_1_8' title="bbox 470 1814 2069 1881">
     <span class='ocr_line' id='line_1_27' title="bbox 470 1814 2069 1881; baseline -0.001 -21"><span class='ocrx_word' id='word_1_284' title='bbox 470 1814 611 1879; x_wconf 87' lang='lat' dir='ltr'>1.Joh.</span> <span class='ocrx_word' id='word_1_285' title='bbox 634 1832 669 1876; x_wconf 80' lang='lat'>5:</span> <span class='ocrx_word' id='word_1_286' title='bbox 686 1837 728 1880; x_wconf 91' lang='lat'>7.</span> <span class='ocrx_word' id='word_1_287' title='bbox 752 1822 848 1864; x_wconf 84' lang='lat' dir='ltr'>Tres</span> <span class='ocrx_word' id='word_1_288' title='bbox 863 1820 963 1876; x_wconf 63' lang='lat' dir='ltr'>fiant</span> <span class='ocrx_word' id='word_1_289' title='bbox 987 1827 1057 1881; x_wconf 78' lang='lat' dir='ltr'>qui</span> <span class='ocrx_word' id='word_1_290' title='bbox 1081 1818 1276 1878; x_wconf 71' lang='lat' dir='ltr'>testantur</span> <span class='ocrx_word' id='word_1_291' title='bbox 1299 1826 1340 1862; x_wconf 78' lang='lat' dir='ltr'>in</span> <span class='ocrx_word' id='word_1_292' title='bbox 1353 1819 1440 1862; x_wconf 84' lang='lat' dir='ltr'>ooelo</span> <span class='ocrx_word' id='word_1_293' title='bbox 1459 1851 1471 1869; x_wconf 91' lang='lat'>‚</span> <span class='ocrx_word' id='word_1_294' title='bbox 1495 1822 1632 1868; x_wconf 73' lang='lat' dir='ltr'>Pater,</span> <span class='ocrx_word' id='word_1_295' title='bbox 1647 1815 1777 1872; x_wconf 62' lang='lat' dir='ltr'>formo</span> <span class='ocrx_word' id='word_1_296' title='bbox 1793 1820 1840 1867; x_wconf 49' lang='lat' dir='ltr'>&amp;w</span> <span class='ocrx_word' id='word_1_297' title='bbox 1852 1819 2019 1876; x_wconf 74' lang='lat' dir='ltr'>Spiritus</span> <span class='ocrx_word' id='word_1_298' title='bbox 2030 1818 2069 1859; x_wconf 89' lang='lat' dir='ltr'>S.</span> 
     </span>
    </p>

    <p class='ocr_par' dir='ltr' id='par_1_9' title="bbox 466 1878 2074 1946">
     <span class='ocr_line' id='line_1_28' title="bbox 466 1878 2074 1946; baseline -0.001 -20"><span class='ocrx_word' id='word_1_299' title='bbox 466 1878 607 1926; x_wconf 66' lang='lat' dir='ltr'>Crasse</span> <span class='ocrx_word' id='word_1_300' title='bbox 631 1897 767 1928; x_wconf 85' lang='lat' dir='ltr'>autem</span> <span class='ocrx_word' id='word_1_301' title='bbox 790 1886 910 1929; x_wconf 89' lang='lat' dir='ltr'>nimis</span> <span class='ocrx_word' id='word_1_302' title='bbox 932 1884 1170 1946; x_wconf 86' lang='lat' dir='ltr'>Episcopius</span> <span class='ocrx_word' id='word_1_303' title='bbox 1194 1881 1288 1928; x_wconf 88' lang='lat' dir='ltr'>hinc</span> <span class='ocrx_word' id='word_1_304' title='bbox 1311 1884 1432 1928; x_wconf 85' lang='lat' dir='ltr'>etiam</span> <span class='ocrx_word' id='word_1_305' title='bbox 1445 1879 1649 1943; x_wconf 77' lang='lat' dir='ltr'>dignitatis</span> <span class='ocrx_word' id='word_1_306' title='bbox 1661 1897 1704 1924; x_wconf 89' lang='lat' dir='ltr'>ac</span> <span class='ocrx_word' id='word_1_307' title='bbox 1716 1878 1919 1942; x_wconf 87' lang='lat' dir='ltr'>potestatis</span> <span class='ocrx_word' id='word_1_308' title='bbox 1930 1894 2074 1941; x_wconf 86' lang='lat' dir='ltr'>praero-</span> 
     </span>
    </p>

    <p class='ocr_par' dir='ltr' id='par_1_10' title="bbox 467 1941 2074 2011">
     <span class='ocr_line' id='line_1_29' title="bbox 467 1941 2074 2011; baseline -0.001 -21"><span class='ocrx_word' id='word_1_309' title='bbox 467 1948 648 2007; x_wconf 84' lang='lat' dir='ltr'>gativam</span> <span class='ocrx_word' id='word_1_310' title='bbox 660 1950 702 1992; x_wconf 92' lang='lat' dir='ltr'>in</span> <span class='ocrx_word' id='word_1_311' title='bbox 716 1946 830 1995; x_wconf 86' lang='lat' dir='ltr'>Patre</span> <span class='ocrx_word' id='word_1_312' title='bbox 841 1951 992 2003; x_wconf 85' lang='lat' dir='ltr'>intulit,</span> <span class='ocrx_word' id='word_1_313' title='bbox 1016 1954 1059 1994; x_wconf 89' lang='lat'>&amp;</span> <span class='ocrx_word' id='word_1_314' title='bbox 1071 1949 1254 2011; x_wconf 76' lang='lat' dir='ltr'>personas</span> <span class='ocrx_word' id='word_1_315' title='bbox 1265 1950 1306 1992; x_wconf 91' lang='lat' dir='ltr'>in</span> <span class='ocrx_word' id='word_1_316' title='bbox 1331 1951 1370 1993; x_wconf 91' lang='lat' dir='ltr'>S.</span> <span class='ocrx_word' id='word_1_317' title='bbox 1395 1949 1597 1992; x_wconf 87' lang='lat' dir='ltr'>Trinitate</span> <span class='ocrx_word' id='word_1_318' title='bbox 1610 1961 1695 1989; x_wconf 89' lang='lat' dir='ltr'>non</span> <span class='ocrx_word' id='word_1_319' title='bbox 1708 1943 1982 1999; x_wconf 56' lang='lat' dir='ltr'>coordinatis,</span> <span class='ocrx_word' id='word_1_320' title='bbox 2012 1941 2074 2003; x_wconf 86' lang='lat' dir='ltr'>sed</span> 
     </span>
    </p>

    <p class='ocr_par' dir='ltr' id='par_1_11' title="bbox 469 2005 2099 2142">
     <span class='ocr_line' id='line_1_30' title="bbox 469 2005 2076 2075; baseline -0.001 -20"><span class='ocrx_word' id='word_1_321' title='bbox 469 2010 747 2059; x_wconf 77' lang='lat' dir='ltr'>subordinatas</span> <span class='ocrx_word' id='word_1_322' title='bbox 759 2011 833 2059; x_wconf 87' lang='lat' dir='ltr'>effe</span> <span class='ocrx_word' id='word_1_323' title='bbox 844 2048 857 2068; x_wconf 88' lang='lat'>,</span> <span class='ocrx_word' id='word_1_324' title='bbox 883 2028 1006 2075; x_wconf 87' lang='lat' dir='ltr'>atque</span> <span class='ocrx_word' id='word_1_325' title='bbox 1016 2013 1272 2075; x_wconf 66' lang='lat' dir='ltr'>inequalibus</span> <span class='ocrx_word' id='word_1_326' title='bbox 1282 2014 1407 2058; x_wconf 90' lang='lat' dir='ltr'>veluti</span> <span class='ocrx_word' id='word_1_327' title='bbox 1419 2011 1677 2074; x_wconf 84' lang='lat' dir='ltr'>portionibus</span> <span class='ocrx_word' id='word_1_328' title='bbox 1690 2008 1944 2055; x_wconf 84' lang='lat' dir='ltr'>divinitatem</span> <span class='ocrx_word' id='word_1_329' title='bbox 1956 2005 2076 2072; x_wconf 47' lang='lat' dir='ltr'>poffiff</span> 
     </span>
     <span class='ocr_line' id='line_1_31' title="bbox 469 2074 2099 2142; baseline -0.001 -20"><span class='ocrx_word' id='word_1_330' title='bbox 469 2074 564 2122; x_wconf 89' lang='lat' dir='ltr'>dere</span> <span class='ocrx_word' id='word_1_331' title='bbox 576 2076 768 2125; x_wconf 88' lang='lat' dir='ltr'>disseruit.</span> <span class='ocrx_word' id='word_1_332' title='bbox 803 2096 841 2125; x_wconf 89' lang='lat'>2.</span> <span class='ocrx_word' id='word_1_333' title='bbox 867 2081 1005 2142; x_wconf 79' lang='lat' dir='ltr'>quoad</span> <span class='ocrx_word' id='word_1_334' title='bbox 1013 2083 1176 2124; x_wconf 77' lang='lat' dir='ltr'>modum</span> <span class='ocrx_word' id='word_1_335' title='bbox 1191 2078 1388 2142; x_wconf 74' lang='lat' dir='ltr'>operandi,</span> <span class='ocrx_word' id='word_1_336' title='bbox 1402 2094 1498 2122; x_wconf 85' lang='lat' dir='ltr'>cum</span> <span class='ocrx_word' id='word_1_337' title='bbox 1511 2082 1625 2121; x_wconf 80' lang='lat' dir='ltr'>Pater</span> <span class='ocrx_word' id='word_1_338' title='bbox 1638 2077 1659 2120; x_wconf 73' lang='lat' dir='ltr'>a</span> <span class='ocrx_word' id='word_1_339' title='bbox 1671 2076 1758 2129; x_wconf 89' lang='lat' dir='ltr'>sese,</span> <span class='ocrx_word' id='word_1_340' title='bbox 1783 2077 1903 2121; x_wconf 83' lang='lat' dir='ltr'>Filius</span> <span class='ocrx_word' id='word_1_341' title='bbox 1915 2076 1936 2119; x_wconf 73' lang='grc' dir='ltr'>ἒι</span> <span class='ocrx_word' id='word_1_342' title='bbox 1948 2080 2076 2129; x_wconf 75' lang='lat' dir='ltr'>Patre,</span> <span class='ocrx_word' id='word_1_343' title='bbox 2097 2081 2099 2086; x_wconf 91' lang='lat'>&#39;</span> 
     </span>
    </p>

    <p class='ocr_par' dir='ltr' id='par_1_12' title="bbox 471 2143 2073 2209">
     <span class='ocr_line' id='line_1_32' title="bbox 471 2143 2073 2209; baseline 0 -22"><span class='ocrx_word' id='word_1_344' title='bbox 471 2145 539 2204; x_wconf 87' lang='lat' dir='ltr'>Sp.</span> <span class='ocrx_word' id='word_1_345' title='bbox 548 2147 587 2188; x_wconf 86' lang='lat' dir='ltr'>S.</span> <span class='ocrx_word' id='word_1_346' title='bbox 602 2144 652 2189; x_wconf 84' lang='lat' dir='ltr'>ab</span> <span class='ocrx_word' id='word_1_347' title='bbox 663 2159 842 2205; x_wconf 89' lang='lat' dir='ltr'>utroque</span> <span class='ocrx_word' id='word_1_348' title='bbox 853 2159 955 2206; x_wconf 85' lang='lat' dir='ltr'>agat.</span> <span class='ocrx_word' id='word_1_349' title='bbox 973 2149 1118 2209; x_wconf 79' lang='lat' dir='ltr'>Qum</span> <span class='ocrx_word' id='word_1_350' title='bbox 1130 2152 1244 2189; x_wconf 84' lang='lat' dir='ltr'>venit</span> <span class='ocrx_word' id='word_1_351' title='bbox 1250 2143 1454 2206; x_wconf 78' lang='lat' dir='ltr'>plenitudo</span> <span class='ocrx_word' id='word_1_352' title='bbox 1468 2149 1663 2204; x_wconf 83' lang='lat' dir='ltr'>temporis,</span> <span class='ocrx_word' id='word_1_353' title='bbox 1675 2144 1798 2201; x_wconf 72' lang='lat' dir='ltr'>emfit</span> <span class='ocrx_word' id='word_1_354' title='bbox 1809 2146 1922 2187; x_wconf 83' lang='lat' dir='ltr'>Deus</span> <span class='ocrx_word' id='word_1_355' title='bbox 1932 2143 2073 2187; x_wconf 81' lang='lat' dir='ltr'>Filium</span> 
     </span>
    </p>

    <p class='ocr_par' dir='ltr' id='par_1_13' title="bbox 462 2201 2072 2270">
     <span class='ocr_line' id='line_1_33' title="bbox 462 2201 2072 2270; baseline -0.002 -17"><span class='ocrx_word' id='word_1_356' title='bbox 462 2207 601 2264; x_wconf 71' lang='lat' dir='ltr'>suum,</span> <span class='ocrx_word' id='word_1_357' title='bbox 617 2210 838 2268; x_wconf 73' lang='lat' dir='ltr'>nascentem</span> <span class='ocrx_word' id='word_1_358' title='bbox 850 2229 901 2255; x_wconf 81' lang='lat' dir='ltr'>ex</span> <span class='ocrx_word' id='word_1_359' title='bbox 913 2214 1091 2256; x_wconf 83' lang='lat' dir='ltr'>muliere.</span> <span class='ocrx_word' id='word_1_360' title='bbox 1125 2211 1222 2255; x_wconf 76' lang='lat' dir='ltr'>Gal.</span> <span class='ocrx_word' id='word_1_361' title='bbox 1237 2224 1281 2269; x_wconf 81' lang='lat'>4:</span> <span class='ocrx_word' id='word_1_362' title='bbox 1297 2227 1343 2268; x_wconf 82' lang='lat'>4.</span> <span class='ocrx_word' id='word_1_363' title='bbox 1378 2208 1455 2252; x_wconf 74' lang='lat' dir='ltr'>Sed</span> <span class='ocrx_word' id='word_1_364' title='bbox 1472 2209 1716 2270; x_wconf 75' lang='lat' dir='ltr'>paracletus,</span> <span class='ocrx_word' id='word_1_365' title='bbox 1742 2212 1911 2269; x_wconf 81' lang='lat' dir='ltr'>Spiritus</span> <span class='ocrx_word' id='word_1_366' title='bbox 1922 2208 1980 2252; x_wconf 81' lang='lat' dir='ltr'>ille</span> <span class='ocrx_word' id='word_1_367' title='bbox 1980 2201 2072 2264; x_wconf 68' lang='lat' dir='ltr'>Jun-</span> 
     </span>
    </p>

    <p class='ocr_par' dir='ltr' id='par_1_14' title="bbox 464 2271 2099 2468">
     <span class='ocr_line' id='line_1_34' title="bbox 471 2271 2069 2336; baseline -0.002 -18"><span class='ocrx_word' id='word_1_368' title='bbox 471 2274 570 2324; x_wconf 64' lang='lat' dir='ltr'>itus,</span> <span class='ocrx_word' id='word_1_369' title='bbox 605 2293 726 2336; x_wconf 79' lang='lat' dir='ltr'>quem</span> <span class='ocrx_word' id='word_1_370' title='bbox 748 2283 881 2321; x_wconf 83' lang='lat' dir='ltr'>mittet</span> <span class='ocrx_word' id='word_1_371' title='bbox 892 2281 1015 2321; x_wconf 77' lang='lat' dir='ltr'>Pater</span> <span class='ocrx_word' id='word_1_372' title='bbox 1027 2285 1066 2321; x_wconf 83' lang='lat' dir='ltr'>in</span> <span class='ocrx_word' id='word_1_373' title='bbox 1079 2282 1233 2322; x_wconf 83' lang='lat' dir='ltr'>nomine</span> <span class='ocrx_word' id='word_1_374' title='bbox 1245 2291 1344 2327; x_wconf 85' lang='lat' dir='ltr'>meo,</span> <span class='ocrx_word' id='word_1_375' title='bbox 1357 2275 1417 2317; x_wconf 86' lang='lat' dir='ltr'>ille</span> <span class='ocrx_word' id='word_1_376' title='bbox 1428 2271 1575 2317; x_wconf 80' lang='lat' dir='ltr'>docebit</span> <span class='ocrx_word' id='word_1_377' title='bbox 1586 2289 1656 2316; x_wconf 83' lang='lat' dir='ltr'>vos</span> <span class='ocrx_word' id='word_1_378' title='bbox 1668 2280 1799 2317; x_wconf 79' lang='lat' dir='ltr'>omniu</span> <span class='ocrx_word' id='word_1_379' title='bbox 1813 2272 1991 2331; x_wconf 68' lang='lat' dir='ltr'>&amp;fizciet</span> <span class='ocrx_word' id='word_1_380' title='bbox 2004 2286 2069 2316; x_wconf 85' lang='lat' dir='ltr'>vos</span> 
     </span>
     <span class='ocr_line' id='line_1_35' title="bbox 464 2336 2099 2404; baseline -0.001 -22"><span class='ocrx_word' id='word_1_381' title='bbox 464 2340 666 2385; x_wconf 74' lang='lat' dir='ltr'>recordari</span> <span class='ocrx_word' id='word_1_382' title='bbox 678 2348 872 2395; x_wconf 79' lang='lat' dir='ltr'>omnium,</span> <span class='ocrx_word' id='word_1_383' title='bbox 896 2359 977 2403; x_wconf 77' lang='lat' dir='ltr'>quae</span> <span class='ocrx_word' id='word_1_384' title='bbox 989 2341 1075 2386; x_wconf 84' lang='lat' dir='ltr'>dixi</span> <span class='ocrx_word' id='word_1_385' title='bbox 1085 2339 1211 2385; x_wconf 85' lang='lat' dir='ltr'>vobis.</span> <span class='ocrx_word' id='word_1_386' title='bbox 1237 2336 1340 2403; x_wconf 87' lang='lat' dir='ltr'>Joh.</span> <span class='ocrx_word' id='word_1_387' title='bbox 1359 2353 1425 2397; x_wconf 82' lang='lat'>14:</span> <span class='ocrx_word' id='word_1_388' title='bbox 1442 2345 1510 2383; x_wconf 89' lang='lat'>26.</span> <span class='ocrx_word' id='word_1_389' title='bbox 1538 2341 1684 2404; x_wconf 79' lang='lat' dir='ltr'>Qum</span> <span class='ocrx_word' id='word_1_390' title='bbox 1696 2352 1834 2382; x_wconf 76' lang='lat' dir='ltr'>autem</span> <span class='ocrx_word' id='word_1_391' title='bbox 1846 2343 1996 2382; x_wconf 76' lang='lat' dir='ltr'>venerit</span> <span class='ocrx_word' id='word_1_392' title='bbox 2001 2351 2071 2398; x_wconf 63' lang='lat' dir='ltr'>pa,</span> <span class='ocrx_word' id='word_1_393' title='bbox 2096 2367 2099 2372; x_wconf 86' lang='lat'><em>-</em></span> 
     </span>
     <span class='ocr_line' id='line_1_36' title="bbox 470 2395 2071 2468; baseline -0.001 -20"><span class='ocrx_word' id='word_1_394' title='bbox 470 2406 645 2450; x_wconf 77' lang='lat' dir='ltr'>rucletus</span> <span class='ocrx_word' id='word_1_395' title='bbox 670 2408 729 2451; x_wconf 83' lang='lat' dir='ltr'>ille</span> <span class='ocrx_word' id='word_1_396' title='bbox 743 2439 756 2459; x_wconf 84' lang='lat'>‚</span> <span class='ocrx_word' id='word_1_397' title='bbox 785 2424 905 2467; x_wconf 81' lang='lat' dir='ltr'>quem</span> <span class='ocrx_word' id='word_1_398' title='bbox 917 2425 980 2468; x_wconf 79' lang='lat' dir='ltr'>ego</span> <span class='ocrx_word' id='word_1_399' title='bbox 992 2415 1155 2451; x_wconf 82' lang='lat' dir='ltr'>mittam</span> <span class='ocrx_word' id='word_1_400' title='bbox 1168 2404 1277 2450; x_wconf 84' lang='lat' dir='ltr'>vobis</span> <span class='ocrx_word' id='word_1_401' title='bbox 1289 2402 1315 2447; x_wconf 76' lang='lat' dir='ltr'>u</span> <span class='ocrx_word' id='word_1_402' title='bbox 1327 2408 1450 2449; x_wconf 75' lang='lat' dir='ltr'>Putre</span> <span class='ocrx_word' id='word_1_403' title='bbox 1461 2437 1474 2454; x_wconf 90' lang='lat'><em>,</em></span> <span class='ocrx_word' id='word_1_404' title='bbox 1501 2406 1672 2465; x_wconf 82' lang='lat' dir='ltr'>Spiritus</span> <span class='ocrx_word' id='word_1_405' title='bbox 1683 2405 1742 2447; x_wconf 87' lang='lat' dir='ltr'>ille</span> <span class='ocrx_word' id='word_1_406' title='bbox 1754 2409 1951 2455; x_wconf 74' lang='lat' dir='ltr'>veritatis,</span> <span class='ocrx_word' id='word_1_407' title='bbox 1972 2395 2071 2463; x_wconf 62' lang='lat' dir='ltr'>quid</span> 
     </span>
    </p>

    <p class='ocr_par' dir='ltr' id='par_1_15' title="bbox 469 2464 2071 2533">
     <span class='ocr_line' id='line_1_37' title="bbox 469 2464 2071 2533; baseline -0.004 -18"><span class='ocrx_word' id='word_1_408' title='bbox 469 2474 593 2515; x_wconf 78' lang='lat' dir='ltr'>Putre</span> <span class='ocrx_word' id='word_1_409' title='bbox 599 2471 786 2533; x_wconf 81' lang='lat' dir='ltr'>procedit,</span> <span class='ocrx_word' id='word_1_410' title='bbox 809 2474 869 2516; x_wconf 82' lang='lat' dir='ltr'>ille</span> <span class='ocrx_word' id='word_1_411' title='bbox 882 2470 1089 2530; x_wconf 77' lang='lat' dir='ltr'>testabitur</span> <span class='ocrx_word' id='word_1_412' title='bbox 1102 2470 1235 2516; x_wconf 82' lang='lat' dir='ltr'><em>deme.</em></span> <span class='ocrx_word' id='word_1_413' title='bbox 1266 2466 1369 2532; x_wconf 89' lang='lat' dir='ltr'>Joh.</span> <span class='ocrx_word' id='word_1_414' title='bbox 1389 2483 1452 2527; x_wconf 85' lang='lat'>15:</span> <span class='ocrx_word' id='word_1_415' title='bbox 1481 2475 1549 2513; x_wconf 87' lang='lat'>26.</span> <span class='ocrx_word' id='word_1_416' title='bbox 1590 2485 1623 2528; x_wconf 82' lang='lat'>3.</span> <span class='ocrx_word' id='word_1_417' title='bbox 1650 2466 1782 2514; x_wconf 88' lang='lat' dir='ltr'>Unde</span> <span class='ocrx_word' id='word_1_418' title='bbox 1804 2471 1845 2511; x_wconf 90' lang='lat'>&amp;</span> <span class='ocrx_word' id='word_1_419' title='bbox 1870 2464 2071 2511; x_wconf 80' lang='lat' dir='ltr'>discrimen</span> 
     </span>
    </p>

    <p class='ocr_par' dir='ltr' id='par_1_16' title="bbox 468 2529 2069 2598">
     <span class='ocr_line' id='line_1_38' title="bbox 468 2529 2069 2598; baseline -0.003 -20"><span class='ocrx_word' id='word_1_420' title='bbox 468 2534 641 2594; x_wconf 81' lang='lat' dir='ltr'>aliquod</span> <span class='ocrx_word' id='word_1_421' title='bbox 653 2537 822 2597; x_wconf 85' lang='lat' dir='ltr'>emergit</span> <span class='ocrx_word' id='word_1_422' title='bbox 836 2538 876 2579; x_wconf 80' lang='lat' dir='ltr'>in</span> <span class='ocrx_word' id='word_1_423' title='bbox 890 2534 1174 2598; x_wconf 78' lang='lat' dir='ltr'>operationibus</span> <span class='ocrx_word' id='word_1_424' title='bbox 1201 2535 1257 2579; x_wconf 76' lang='lat' dir='ltr'>ad</span> <span class='ocrx_word' id='word_1_425' title='bbox 1265 2549 1383 2579; x_wconf 78' lang='lat' dir='ltr'>extra</span> <span class='ocrx_word' id='word_1_426' title='bbox 1395 2566 1409 2587; x_wconf 80' lang='grc'>,</span> <span class='ocrx_word' id='word_1_427' title='bbox 1432 2531 1547 2590; x_wconf 83' lang='lat' dir='ltr'>juxta</span> <span class='ocrx_word' id='word_1_428' title='bbox 1560 2549 1657 2593; x_wconf 78' lang='lat' dir='ltr'>quas</span> <span class='ocrx_word' id='word_1_429' title='bbox 1670 2534 1778 2578; x_wconf 80' lang='lat' dir='ltr'>Patri</span> <span class='ocrx_word' id='word_1_430' title='bbox 1790 2534 1936 2589; x_wconf 83' lang='lat' dir='ltr'>creatio</span> <span class='ocrx_word' id='word_1_431' title='bbox 1948 2564 1962 2586; x_wconf 89' lang='grc'>,</span> <span class='ocrx_word' id='word_1_432' title='bbox 1974 2529 2069 2578; x_wconf 82' lang='lat' dir='ltr'>Filio</span> 
     </span>
    </p>
   </div>
   <div class='ocr_carea' id='block_1_3' title="bbox 463 2596 2042 2706">
    <p class='ocr_par' dir='ltr' id='par_1_17' title="bbox 463 2596 2042 2706">
     <span class='ocr_line' id='line_1_39' title="bbox 463 2596 2042 2706; baseline -0.001 -61"><span class='ocrx_word' id='word_1_433' title='bbox 463 2598 792 2664; x_wconf 57' lang='lat' dir='ltr'>redemtiossps.</span> <span class='ocrx_word' id='word_1_434' title='bbox 806 2599 1068 2655; x_wconf 62' lang='lat' dir='ltr'>sanctificatio</span> <span class='ocrx_word' id='word_1_435' title='bbox 1081 2600 1327 2655; x_wconf 67' lang='lat' dir='ltr'>attribuiturs</span> <span class='ocrx_word' id='word_1_436' title='bbox 1342 2611 1387 2648; x_wconf 84' lang='lat' dir='ltr'>ut</span> <span class='ocrx_word' id='word_1_437' title='bbox 1401 2596 1760 2647; x_wconf 65' lang='lat' dir='ltr'>infravidebimus.</span> <span class='ocrx_word' id='word_1_438' title='bbox 1942 2663 1983 2706; x_wconf 74' lang='lat' dir='ltr'>C</span> <span class='ocrx_word' id='word_1_439' title='bbox 2002 2661 2042 2705; x_wconf 77' lang='lat' dir='ltr'>A</span> 
     </span>
    </p>
   </div>
  </div>
 </body>
</html>
