2116 2901
330 133 403 178 DE
437 134 687 179 ornamus
719 135 1019 180 Cata-notus
1057 149 1113 180 m
1146 130 1322 183 specu.
1565 153 1641 200 305

38 216 96 264 nis
106 218 147 263 &
158 230 207 262 ex
219 217 524 262 commixtione
545 217 648 262 natis
660 215 971 280 intelligendum
985 216 1057 262 est.
1095 216 1353 275 Huiusmodi
1365 217 1474 265 enim
1491 221 1650 266 anima-

44 285 91 330 lia
102 298 171 328 nec
184 282 294 327 sexto
308 280 374 326 die
387 295 514 328 creata
526 282 620 327 sunt
632 315 644 335 ‚
680 298 752 328 nec
763 282 796 329 f.
803 284 995 328 cultatem
1007 282 1082 328 {ese
1094 282 1393 346 multiplicandi
1405 282 1571 340 habent,
1593 300 1654 334 at·

40 364 118 410 que
137 348 271 394 omnis
293 362 441 392 eorum
465 348 717 393 commixtio
740 349 901 411 populo
923 349 1007 394 Dei
1016 346 1231 395 interdiGta
1242 347 1334 395 fuit.
1372 353 1475 397 Lev.
1497 368 1564 411 19:
1582 368 1649 411 19.

43 417 138 460 Non
145 411 359 476 promiſsae
371 419 469 458 coire
475 415 600 473 facies
611 429 727 477 pecus
740 429 874 460 tuum.

100 481 269 525 LXXX.
305 479 514 524 Animalia
525 511 539 533 ,
563 495 656 539 quae
681 496 733 526 ex
757 478 971 542 putredine
994 479 1213 526 nascuntur
1226 513 1238 534 ,
1269 479 1390 541 quod
1403 482 1559 536 attinet,
1582 482 1648 527 illa

42 544 103 591 vel
113 545 154 589 in
166 544 240 589 suis
252 542 376 589 caufis
388 557 514 590 creata
527 543 618 590 sunt
631 578 644 599 ,
678 546 741 590 vel
752 547 874 591 etiam
886 547 927 590 in
941 547 1081 608 primis
1093 543 1314 591 individuis
1328 565 1337 590 t
1353 543 1500 592 statuta
1512 560 1652 593 tamen

44 612 137 673 lege,
151 623 195 655 ut
207 607 298 672 post
311 607 384 654 hac
398 623 579 670 utroque
591 607 724 656 modo
738 645 750 664 ,
764 627 862 657 cum
874 613 1132 672 generatione
1146 612 1330 662 naturali,
1347 623 1441 673 tum
1453 628 1503 657 ex
1515 625 1656 675 putre-

43 675 213 722 faffione
224 676 562 737 progignerentur
573 680 614 720 &
628 677 914 722 verminarent.
1389 678 1394 680 ’

107 743 298 786 LXXXI.
335 745 445 800 Qae
469 738 520 785 de
543 739 816 795 Salamandra,
841 739 1051 804 Pyrausta‚
1076 739 1340 805 Gryphibus,
1355 742 1520 803 Pegaso,
1545 740 1658 788 Basi-

44 805 148 861 fisco,
163 806 426 852 Draconibus
438 806 546 851 alatis
558 810 601 851 δε
613 807 1262 868 ignivomis,Unicornu,aliisque
1275 807 1658 869 animantibussspro-

44 870 204 934 digiofis
219 906 232 926 ,
257 870 555 931 disquiruntur,
568 872 698 917 otiosa
709 873 901 934 pleraque
912 871 1019 925 sunt,
1047 887 1119 916 nec
1131 888 1179 917 ex
1193 872 1405 934 Scripturis
1417 869 1548 918 decidi
1563 872 1658 934 pos-

46 938 146 984 sunt.
181 941 297 983 Cum
310 938 480 982 nomina
492 938 764 983 animantium
776 938 979 983 Hebraica
991 971 1004 991 ,
1029 935 1130 983 ficut
1141 939 1262 982 etiam
1275 935 1509 990 herbarum,
1535 937 1659 982 arbo-

46 1020 152 1058 rum,
176 1018 434 1065 gemmarum
449 1007 525 1047 &c.
552 1003 715 1066 populis
725 1001 1039 1049 occidentalibus
1051 1000 1283 1048 admodum
1298 1003 1446 1047 incerta
1460 1001 1551 1048 sint.
1588 1005 1658 1048 Ut

46 1070 87 1116 in
99 1085 198 1114 voce
212 1082 362 1129 0&ss
383 1085 510 1130 quam
523 1085 607 1114 Lxx
620 1072 663 1113 δε
675 1069 878 1132 Vulgatus
890 1068 989 1130 saepe
1001 1068 1205 1112 unicornu
1219 1065 1589 1129 reddunt,apparet:
1604 1069 1659 1113 ita

45 1149 91 1182 ut
112 1151 162 1181 ex
173 1136 386 1196 Scripturis
398 1150 447 1179 an
461 1136 666 1180 unicornu
678 1151 812 1181 revera
823 1133 956 1185 detur,
972 1131 1154 1179 constare
1167 1149 1252 1177 non
1263 1130 1386 1195 possit
1401 1148 1412 1183 3
1441 1133 1658 1194 praesertim

48 1217 156 1255 cum,
170 1200 430 1246 referentibus
443 1201 695 1254 auetoribus,
728 1199 878 1263 septem
889 1200 1130 1245 animalium
1142 1214 1286 1261 genera
1299 1196 1377 1243 fint
1392 1232 1404 1250 ‚
1433 1211 1543 1243 extra
1554 1196 1658 1243 hanc

48 1264 363 1314 controverfiam
376 1267 441 1311 sex
455 1299 468 1320 ,
506 1283 600 1327 quae
614 1281 701 1311 uno
714 1281 845 1312 cornu
858 1278 1009 1311 armata
1021 1263 1126 1311 sunt.
1483 1282 1486 1284 ·

111 1335 327 1378 LXXXII.
364 1331 502 1392 Qod
525 1332 718 1377 sermonis
729 1332 849 1376 usum
863 1331 1136 1376 animantibus
1148 1331 1190 1374 in
1202 1327 1389 1375 Paradiso
1403 1326 1573 1390 quidam
1585 1329 1657 1375 tri-

49 1399 223 1445 buerunt
236 1431 249 1452 ,
273 1395 409 1442 fabula
432 1395 489 1442 est
511 1414 561 1442 ex
575 1398 762 1458 alloquio
775 1396 961 1459 serpentis
979 1429 992 1449 ,
1016 1397 1129 1441 Gen.
1144 1411 1177 1457 3.
1193 1399 1237 1440 &
1249 1393 1382 1449 asinae,
1396 1398 1652 1441 Num.22:2.

52 1469 162 1518 orta3
187 1479 283 1509 cum
297 1462 492 1508 sermonis
502 1464 638 1509 omnis
649 1496 661 1517 ,
690 1461 793 1508 ficut
805 1467 847 1507 &
859 1461 1025 1507 rationis
1035 1495 1047 1515 ‚
1078 1461 1169 1506 usus
1181 1460 1301 1505 solius
1314 1458 1494 1504 hominis
1505 1475 1657 1521 praero-

53 1532 180 1592 gativa
203 1528 252 1575 s1t
266 1548 276 1574 z
304 1529 346 1573 in
372 1543 461 1589 quo
484 1527 619 1576 bestiae
641 1525 903 1574 callidissimae
917 1560 930 1581 ,
965 1541 1065 1587 quas
1088 1541 1306 1585 nunquam
1330 1541 1381 1570 ex
1394 1524 1466 1569 sese
1476 1522 1658 1570 humana

54 1595 171 1642 verba
181 1595 317 1641 conari
329 1592 515 1639 videmus
525 1628 538 1649 ‚
577 1596 628 1641 ab
639 1591 863 1639 hominurn
878 1588 1155 1654 stupidiffimis
1165 1592 1401 1652 superantur
1414 1609 1424 1634 ε
1441 1587 1560 1650 quod
1572 1606 1657 1635 cer-

53 1675 99 1709 to
111 1673 350 1724 argumento
360 1657 433 1713 est,
445 1676 506 1705 eas
517 1661 634 1705 omni
646 1661 802 1705 ratione
816 1675 858 1704 ac
870 1655 1079 1712 sensu,sive
1091 1657 1344 1709 conscientia,
1354 1659 1396 1700 &
1409 1657 1471 1699 vel
1485 1657 1658 1700 minima

6 1747 7 1751 ¹
56 1727 297 1789 cognitionis
308 1725 455 1770 umbra
467 1727 631 1787 privari,
645 1723 831 1786 nihilque
843 1722 920 1769 nisi
933 1736 1073 1768 motus
1085 1723 1355 1767 automaticos
1367 1721 1389 1765 a
1400 1720 1600 1783 sanguinis
1613 1724 1656 1765 δε

37 1846 45 1852 ,7
57 1794 266 1858 spirituum
280 1804 401 1836 motu
413 1804 530 1837 ortos
544 1788 672 1837 edere.

1679 1342 1796 1395 absque
1805 1346 1876 1388 fer-

1676 1413 1777 1439 moms
1799 1406 1872 1450 usa.

121 1860 355 1906 LXXXIII.
393 1856 607 1902 Absolutis
629 1857 755 1918 igitur
766 1856 919 1902 caeteris
931 1842 1079 1900 mundi
1091 1853 1284 1916 partibus,
1293 1849 1457 1898 tandem
1471 1864 1588 1898 natus
1599 1849 1656 1898 est
1676 1849 1843 1897 Homo.

59 1923 213 1979 homo,
246 1938 419 1987 operum
434 1923 518 1969 Dei
529 1921 751 1969 visibilium
765 1920 978 1983 colophon
1003 1925 1045 1965 δε
1069 1929 1260 1978 α’κςρθίιιον
1281 1952 1293 1972 ,
1308 1934 1353 1964 ac
1364 1919 1505 1980 gloria.
1531 1921 1659 1963 Crea-

61 2004 146 2037 tura
159 1989 339 2036 videlicet
352 1989 555 2034 rationalis
566 2020 580 2043 ‚
615 2003 708 2048 quae
722 1990 865 2034 Deum
879 1987 1098 2048 intelligere
1109 2019 1120 2038 ‚
1162 1990 1203 2030 &
1217 1998 1392 2046 operum
1404 1981 1489 2042 ejus
1501 1984 1660 2046 magni..

62 2055 242 2104 tudinem
263 2066 426 2117 capere,
461 2058 505 2098 ὃ(
529 2052 790 2099 conditorem
803 2053 958 2097 aeternis
969 2049 1155 2096 laudibus
1167 2049 1355 2113 prosequi
1368 2060 1538 2110 poterat.
1575 2051 1659 2093 At-

63 2138 142 2184 que
150 2123 216 2168 tali
228 2134 402 2166 creatura
413 2122 456 2165 in
468 2117 550 2165 hoc
564 2116 726 2164 mundo
738 2133 843 2180 opus
853 2130 936 2162 erat
949 2151 960 2171 ,
974 2132 1070 2161 cum
1085 2114 1166 2161 fine
1177 2131 1220 2160 ea
1233 2118 1347 2160 Deus
1359 2111 1505 2160 frustra
1516 2115 1658 2159 omnia

67 2183 311 2240 condidisset,
335 2201 407 2230 nec
429 2186 604 2248 gloriam
627 2183 738 2229 suam
751 2200 800 2228 ex
814 2183 929 2228 rebus
941 2180 1116 2227 conditis
1126 2175 1327 2242 accepisset
1339 2196 1350 2230 3
1378 2182 1420 2223 &
1433 2180 1515 2223 coelt
1528 2176 1601 2239 ipsi
1615 2192 1659 2223 ac

67 2252 251 2299 universae
276 2265 463 2297 creaturae
487 2252 529 2295 in
553 2265 707 2296 vanum
732 2254 811 2295 Dei
825 2250 1000 2314 gloriam
1017 2245 1291 2309 praedicaffent‚
1319 2244 1438 2300 (Psal.
1457 2260 1523 2300 19:
1545 2247 1601 2297 1.)
1618 2247 1662 2287 &

68 2318 273 2365 montibus
284 2331 447 2363 tantum
461 2332 504 2361 ac
517 2316 638 2379 sylvis
652 2349 663 2369 ,
677 2313 885 2374 surdisque
897 2313 995 2358 saxis
1007 2327 1096 2357 eam
1108 2307 1460 2363 enarraffent,cum
1473 2321 1662 2354 creaturae

68 2385 259 2435 rationali,
275 2398 318 2428 ac
330 2395 606 2428 creaturarum
621 2396 738 2426 voces
750 2379 987 2440 intelligenti
999 2412 1011 2432 ,
1025 2393 1114 2422 eam
1127 2375 1262 2422 testari
1273 2376 1405 2420 solum
1419 2379 1582 2434 queant.
1609 2376 1665 2421 Et

71 2466 127 2497 res
148 2463 315 2511 quoque
326 2448 404 2510 ipsa
417 2481 430 2502 ,
454 2464 498 2492 ac
509 2462 595 2495 tam
611 2446 846 2508 praeclarum
861 2446 882 2488 a
896 2447 992 2490 Deo
1004 2445 1221 2487 excitatum
1234 2457 1337 2503 opus
1349 2437 1563 2484 manifesto
1575 2455 1665 2484 eam

73 2514 299 2578 flagitabant
315 2531 325 2558 t
353 2529 439 2557 non
464 2515 573 2557 enim
587 2526 690 2557 terra
702 2509 788 2556 haec
801 2509 884 2556 sine
898 2510 1065 2562 colonO,
1079 2524 1122 2552 ac
1135 2502 1505 2569 praestantisfimum
1519 2502 1667 2549 mundi

72 2579 290 2632 aedificium
311 2577 394 2626 fine
415 2576 592 2626 domino
617 2593 661 2623 ac
684 2577 842 2624 restore
865 2574 1040 2636 relinqui
1065 2589 1106 2618 ac
1130 2572 1221 2620 feris
1246 2584 1407 2618 tantum
1435 2573 1478 2616 &
1490 2570 1672 2616 volucri-

1011 2645 1109 2701 Qq
1601 2635 1678 2681 bus
