2116 2901
372 136 446 184 DE
481 140 820 185 PRovaNTm
853 140 952 189 Dm
997 157 1053 187 ΙΝ
1087 157 1284 192 GENERE.
1558 165 1632 210 321

47 221 278 279 ffibstantiae,
290 239 385 271 cum
398 223 659 285 intelligentes
671 257 684 278 ‚
699 238 793 270 tum
806 228 1043 281 materiales,
1056 230 1119 274 vel
1132 228 1249 275 modi
1261 228 1488 276 substantiis
1499 231 1634 294 super-

13 322 15 325 .
46 293 246 339 venientes.
281 295 390 351 Qae
414 288 555 335 omnia
567 292 683 335 Deus
704 290 927 346 conservat,
937 309 1036 339 cum
1050 292 1284 355 singulatim
1298 330 1310 350 ‚
1333 309 1426 341 tum
1437 295 1634 355 junffim,

47 370 237 419 quatenus
262 372 340 401 una
363 372 423 402 res
444 371 515 418 per
526 356 643 401 aliam
654 356 880 402 conservari
890 358 1040 421 potest.
1076 365 1187 422 Qae
1198 363 1467 423 particulatim
1481 361 1634 409 tradere

48 423 238 470 brevitatis
252 420 388 467 studio
401 422 648 467 omittimus.

106 491 221 535 XIV.
254 490 357 534 Haec
379 488 690 533 conservationis
710 485 884 534 efficacia
897 503 1006 535 tanta
1019 489 1091 546 est,
1116 505 1161 537 ut
1175 491 1257 539 fine
1270 510 1313 538 ea
1324 495 1465 538 omnia
1477 510 1580 538 mox
1592 495 1635 539 in
1656 492 1843 542 Conserva-

14 575 16 581 >
44 552 210 600 nihilum
233 554 500 599 relaberentur
511 587 524 607 ‚
548 550 649 598 licut
677 554 888 599 subtraetis
901 556 1104 602 columnis
1117 556 1339 604 aedificium
1353 560 1457 610 ruit3
1488 560 1548 604 vel
1563 576 1631 604 eo·
1653 550 1749 610 ¹¹⁶⁰&
1774 546 1845 594 ‘'ffi‘

44 619 135 666 dem
147 618 288 674 modo,
313 632 359 664 ut
370 617 534 664 influxu
548 619 638 663 solis
649 616 816 665 cessante
840 621 913 664 lux
925 624 1061 667 omnis
1072 625 1259 685 protinus
1270 621 1428 670 cessaret
1438 640 1450 675 3
1478 626 1540 669 vel
1554 640 1631 686 po·
1654 614 1752 640 ‘⁴⁶¹³'

43 687 117 732 tius
138 686 196 730 uti
219 685 480 748 cogitationes
502 683 650 730 nostrae
662 719 675 739 ‚
717 686 789 730 ubi
811 701 925 731 mens
938 685 1075 733 nostra
1087 689 1137 734 ab
1147 690 1193 734 iis
1204 689 1277 734 sese
1288 690 1432 736 avertit
1446 722 1460 742 ,
1492 688 1627 736 statim

41 751 280 797 evanescunt.

105 817 199 863 XV.
233 820 335 863 Non
358 832 456 879 ergo
480 820 596 862 Deus
617 817 660 860 in
684 815 1020 865 annihilationem
1033 819 1164 866 tendit
1176 821 1335 866 actione
1346 818 1534 882 positiva,
1562 819 1628 866 sed

41 881 297 929 solummodo
310 883 478 928 actionis
489 883 566 928 suae
581 882 854 928 subtractione
864 917 876 934 ‚
894 883 959 928 seu
972 887 1186 947 negatione
1201 905 1210 931 :
1226 887 1331 931 secus
1342 887 1454 931 enim
1467 886 1627 930 actione

41 945 206 1011 positiva
228 951 341 994 Deus
363 950 405 993 in
429 946 606 993 nihilum
633 946 813 994 tenderet
826 983 838 1003 ,
874 949 992 1010 quod
1016 950 1237 997 absurdum
1249 968 1262 1003 3
1302 953 1390 995 imo
1415 949 1445 996 fi
1469 951 1629 995 actione

13 1054 16 1059 .
40 1012 202 1076 pofitiva
227 1031 286 1059 res
317 1015 449 1075 aliqua
462 1015 483 1058 a
496 1017 593 1061 Deo
606 1012 817 1059 annihilari
828 1013 989 1060 deberet
1002 1050 1014 1069 ‚
1051 1033 1101 1061 eo
1114 1017 1199 1079 ipso
1213 1015 1424 1062 annihilari
1435 1031 1521 1060 non
1535 1016 1629 1077 pos-

39 1079 89 1125 set
101 1098 110 1124 :
136 1078 166 1125 fi
177 1081 283 1124 enim
296 1076 461 1125 cessante
472 1081 555 1125 Dei
568 1078 731 1125 influxu
745 1096 803 1124 res
815 1077 948 1125 adhuc
960 1097 1190 1143 permanere
1201 1087 1244 1127 &
1256 1079 1463 1127 subsistere
1483 1078 1627 1142 posset,

39 1143 116 1217 jam
126 1161 173 1191 ex
186 1147 221 1190 se
231 1146 312 1208 ipsa
324 1142 518 1191 sufficiens
531 1149 571 1191 ἃ
585 1146 607 1190 a
621 1148 719 1193 Deo
732 1143 1002 1208 independens
1014 1146 1131 1200 foret,
1149 1164 1221 1193 nec
1233 1146 1316 1209 ejus
1329 1145 1518 1192 dominio
1532 1145 1626 1191 sub-

14 1247 17 1251 .
36 1225 180 1270 jaceret.

98 1279 214 1325 XVI.
247 1277 321 1325 Est
333 1295 432 1342 ergo
445 1276 680 1327 annihilatio
694 1294 781 1324 non
795 1279 874 1324 alio
887 1277 1020 1324 modo
1033 1275 1310 1343 concipienda,
1327 1294 1455 1340 quam
1469 1276 1499 1322 fi
1511 1280 1626 1323 Deus
1645 1283 1831 1324 Annihila-

38 1345 302 1407 omnipotenti
325 1346 391 1390 sua
412 1342 586 1405 jussione
599 1350 640 1391 &
665 1347 877 1391 voluntate
900 1344 1062 1404 juberet
1073 1379 1086 1399 ,
1125 1359 1172 1391 ut
1183 1362 1242 1391 res
1253 1346 1387 1405 aliqua
1397 1357 1559 1389 tantum
1573 1340 1624 1388 ad
1644 1341 1699 1379 tio.

15 1426 17 1430 ·
37 1420 183 1455 certum
194 1424 352 1473 tempus
364 1408 435 1463 fit3
463 1428 550 1473 quo
563 1413 693 1474 elapso
707 1429 765 1457 res
775 1412 840 1457 illa
850 1424 944 1456 tum
956 1407 1030 1456 esse
1042 1409 1235 1456 desineret
1247 1444 1261 1464 ,
1286 1426 1373 1454 non
1386 1425 1455 1471 per
1467 1424 1622 1453 novam

14 1507 16 1511 -
37 1475 114 1520 Dei
137 1478 333 1521 actionem
349 1511 363 1532 ,
398 1476 465 1523 sed
488 1493 558 1540 per
582 1474 838 1523 cessationem
864 1477 1035 1523 aetionis
1054 1478 1200 1537 prioris
1228 1509 1242 1529 ,
1276 1492 1369 1536 quae
1396 1475 1624 1520 terminum

15 1595 17 1597 Ι
37 1537 148 1586 suum
158 1540 239 1600 jam
252 1539 616 1604 attigisset‚quaque
626 1560 685 1589 res
695 1542 779 1600 jam
790 1543 1000 1603 juberetur
1011 1558 1097 1586 non
1111 1543 1282 1604 amplius
1294 1538 1379 1586 effe.

97 1607 233 1654 XVII.
271 1610 473 1672 Qamvis
486 1623 622 1655 autem
635 1613 751 1655 Deus
784 1611 840 1655 ita
851 1607 1041 1654 facillime
1055 1622 1276 1653 creaturam
1291 1603 1508 1651 annihilare
1531 1603 1625 1666 pos-

14 1686 17 1713 !
39 1668 84 1716 sit
94 1705 106 1725 ,
134 1674 283 1718 nullam
294 1688 427 1720 tamen
439 1673 635 1720 haetenus
647 1673 885 1721 annihilavit
898 1707 910 1727 ‚
935 1674 1024 1718 imo
1037 1674 1194 1718 nullam
1207 1668 1366 1717 fortaffe
1379 1668 1625 1716 annihilatu-

14 1736 17 1779 ἶ
38 1736 265 1783 rusvidetur
278 1755 461 1799 unquam
475 1775 488 1790 ,
522 1757 619 1786 nam
632 1755 724 1785 tum
737 1738 883 1786 frustra
895 1755 984 1783 eam
1008 1735 1223 1783 creaviffet.
1293 1740 1363 1783 Ut
1386 1750 1540 1780 vanum
1574 1732 1625 1778 fit

14 1818 17 1861 3
40 1816 218 1860 quaerere,
232 1818 279 1848 an
291 1819 376 1848 non
389 1807 504 1850 Deus
516 1806 749 1849 universum
762 1802 843 1850 hoc
856 1800 1076 1849 annihilare
1088 1799 1215 1864 poss'et
1226 1802 1391 1863 excepta
1402 1800 1483 1845 sola
1495 1799 1619 1844 terraZ

15 1885 17 1909 ε
39 1868 80 1910 &
101 1883 146 1912 an
167 1881 256 1914 tum
278 1885 362 1914 non
387 1868 550 1916 daretur
571 1887 749 1916 vacuum
765 1872 780 1916 ξ
811 1866 931 1930 Qid
944 1870 1054 1913 enim
1067 1865 1134 1913 hic
1150 1866 1236 1912 fieri
1259 1863 1386 1929 posset
1398 1899 1410 1919 ‚
1450 1869 1492 1910 &
1516 1862 1619 1924 quid

15 1964 17 1973 ι
39 1944 123 1978 tum
135 1931 315 1980 flaturum
330 1931 691 1999 esset,ignoramus‚
706 1952 839 1997 neque
852 1934 936 1994 ejus
948 1935 1004 1979 rei
1016 1933 1149 1980 ideam
1164 1934 1290 1978 ullam
1303 1931 1513 1977 habemus:
1526 1929 1622 1988 jux-

41 2009 77 2042 ta
88 1995 183 2045 ideas
195 2013 326 2047 autem
339 2018 475 2048 rerum
491 2036 504 2057 ,
519 2019 618 2064 quas
629 2017 740 2048 nunc
753 2000 951 2047 habemus
968 2033 979 2053 ‚
1015 1998 1277 2045 manifestum
1291 1996 1347 2042 est
1359 1995 1401 2041 id
1415 1994 1501 2040 fieri
1535 2010 1622 2038 non

41 2059 153 2124 posse,
166 2067 258 2127 quia
270 2083 342 2113 nos
353 2067 394 2114 id
406 2069 617 2131 concipere
629 2084 716 2114 non
728 2064 940 2130 poffumus
953 2064 1027 2111 nisi
1052 2062 1223 2110 errando
1240 2083 1249 2109 :
1287 2067 1401 2108 Deus
1414 2074 1547 2106 autern
1561 2076 1623 2103 er-

42 2129 134 2174 roris
143 2132 248 2177 causa
261 2129 332 2178 effe
344 2149 429 2179 non
444 2134 582 2196 potest
597 2154 607 2180 ε
635 2148 758 2195 atque
770 2132 874 2179 adeo
888 2131 917 2178 s1
931 2134 1008 2177 tale
1020 2128 1252 2192 quidquam
1266 2127 1390 2173 facere
1404 2122 1589 2172 voluisset
1600 2158 1613 2174 ‚

14 2214 17 2259 3
43 2193 152 2240 aliam
164 2199 300 2257 procul
312 2197 442 2245 dubio
456 2199 660 2247 mundi&
672 2197 917 2245 extensionis
929 2195 1064 2243 ideam
1078 2196 1195 2241 nobis
1207 2190 1387 2241 dediffet.
1442 2256 1448 2263 Π

15 2260 17 2326 l
99 2261 254 2309 XVIII.
290 2263 492 2311 Secundus
515 2267 629 2312 aetus
653 2262 921 2328 providentiae
934 2264 1042 2317 Dei,
1077 2261 1136 2307 est
1160 2260 1393 2323 cooperatio
1416 2275 1436 2302 e
1438 2275 1449 2316 1
1457 2273 1500 2301 us
1524 2271 1621 2301 cum
1693 2260 1731 2301 C
1748 2275 1774 2300 o
1789 2274 1840 2300 N-

16 2374 17 2378 *
44 2327 223 2374 omnibus
234 2329 352 2376 caufis
364 2330 556 2386 secundis,
569 2336 613 2378 &
625 2330 855 2377 actionibus
866 2346 1004 2376 earum
1017 2345 1029 2380 3
1046 2329 1119 2389 qui
1131 2323 1338 2383 concurfits
1350 2325 1476 2385 vulgo
1490 2322 1623 2383 appel*
1644 2327 1702 2395 {JU
1711 2329 1835 2357 RSU&

15 2440 17 2450 A
46 2389 152 2438 latur.
166 2399 301 2455 Qem
313 2412 522 2459 perperam
534 2399 695 2462 negavit
706 2395 1036 2450 Durandus‚non
1051 2394 1161 2440 aliter
1173 2397 1316 2440 Deum
1330 2406 1425 2434 cum
1438 2387 1622 2433 creaturis
1641 2398 1664 2420 a
1679 2380 1841 2419 Durande

16 2466 17 2498 ξ
46 2469 268 2505 concurrere
281 2460 421 2508 faciens
433 2496 446 2517 ‚
483 2479 611 2524 quam
633 2464 731 2526 ipsas
752 2467 796 2508 &
809 2460 953 2524 agendi
976 2461 1061 2506 vim
1075 2461 1212 2521 primo
1223 2459 1268 2503 iis
1280 2454 1452 2500 inditam
1465 2453 1619 2498 conser-
1641 2449 1792 2487 ''mm'’

16 2512 18 2561 i
48 2519 187 2574 Vand03
203 2525 316 2586 quod
328 2525 384 2572 est
397 2542 620 2575 creaturam
643 2528 770 2575 ficere
782 2529 804 2573 ὲ
815 2530 914 2574 Deo
936 2523 1275 2588 independentem
1288 2527 1329 2566 &
1341 2522 1516 2583 primam
1529 2533 1622 2562 cau·

15 2587 18 2649 l
48 2583 125 2630 fim
135 2587 338 2659 actionum
348 2593 509 2644 suarum
521 2611 532 2649 3
559 2598 705 2648 Deum
718 2608 854 2646 autem
867 2609 1012 2657 negare
1023 2591 1269 2702 prsinscipium
1282 2592 1323 2635 &
1347 2584 1476 2634 finem
1488 2597 1627 2697 regg?

16 2663 17 2689 ἦ
49 2662 240 2704 ommum.
355 2660 362 2662 ἡ
1619 2682 1629 2692 ι

15 2107 17 2123 l

15 2141 17 2161 Ι
