2116 2901
332 157 439 204 Du
505 157 1080 204 ExrsrnnrrA
1148 160 1323 205 DEI.
1627 167 1684 214 95

2 278 5 284 -
65 243 122 293 est
137 279 149 301 ‚
170 242 283 305 juxta
309 241 442 289 dieta:
483 245 676 307 Qorum
700 241 928 300 conscientia
950 250 1124 288 cauterio
1146 241 1289 301 refte'ba
1299 243 1364 305 cst.
1396 243 1561 293 1.Tim.
1575 264 1621 310 4:
1639 266 1683 296 2·

61 303 153 376 ραι·
178 309 432 374 posteaquam
452 309 716 354 dedoluerunt
728 343 742 360 ‚
757 307 837 366 sbfi’
858 308 1094 354 dediderunt
1109 317 1328 373 proterviae‚
1344 311 1401 356 ad
1409 320 1595 359 certatim
1600 332 1683 379 pa-

63 378 252 424 trandum
264 393 418 420 omnem
430 382 719 436 impuritatem.
754 369 864 435 Eph.
875 390 920 434 4:
941 391 1006 432 19.
1051 378 1094 419 &
1117 371 1168 420 de
1189 373 1301 420 facito
1325 392 1498 438 quoque
1509 379 1680 426 extitiss‘e

44 480 47 483 .
63 443 148 488 satis
159 440 317 487 videtur
329 440 538 503 probabile
554 458 562 484 :
588 441 679 485 licet
691 441 872 503 plerique
883 456 1029 485 eorum
1045 440 1172 503 magis
1182 441 1358 502 practice
1371 476 1384 496 ‚
1400 459 1528 503 quam
1541 444 1679 508 specu-

61 506 183 554 lative
198 541 210 561 ‚
235 511 276 552 &
299 507 435 568 potius
447 521 517 550 ore
528 510 571 550 &
583 521 704 568 opere
718 540 730 560 ‚
754 521 881 566 quam
894 503 1016 551 corde
1027 504 1106 551 sint
1130 503 1234 551 athei
1246 522 1257 558 ;
1284 503 1336 553 de
1346 508 1534 568 qualibus
1546 513 1680 573 agitur

61 573 157 619 Psal.
169 587 277 632 10:4.
293 570 501 635 improbus
512 579 552 615 in
565 572 778 616 altztudine
789 570 940 632 nafisus'
951 589 1028 616 non
1041 572 1254 632 curan-fine
1266 574 1459 629 Deofimt
1469 592 1602 621 omnes
1613 596 1679 624 co·

57 646 264 703 gitationes
275 638 400 700 t'pstus.
434 639 554 681 Item.
571 641 694 682 Dixit
705 635 845 681 nebulo
859 643 900 680 in
912 637 1022 682 corde
1025 636 1100 694 βω
1115 670 1127 690 ,
1152 655 1229 681 non
1242 637 1294 697 est
1305 643 1434 684 Deus.
1478 638 1587 686 Ibid.
1606 655 1673 704 142

78 718 113 755 1,
132 720 169 749 2.
192 708 235 748 δε
252 719 312 763 53:
329 718 365 747 2.
393 701 523 748 conf.
548 702 649 747 psal:
663 710 729 763 36:
746 719 785 747 2.
818 705 918 746 Non
943 702 994 762 est
1000 718 1132 765 pavor
1144 706 1225 747 Dei
1236 720 1288 748 ex
1298 706 1457 766 opposito
1469 708 1676 754 oculorum

59 768 157 828 ejus.
185 769 283 815 Im&
294 769 484 814 dixerunt
495 772 582 814 Deo
597 789 610 811 :
636 768 767 813 recede
779 766 804 811 a
816 766 924 812 nobis
937 801 950 822 ,
963 767 1222 825 &scientiam
1233 776 1400 816 viarum
1414 785 1585 817 tuarum
1597 792 1676 820 non

59 836 262 881 volumus.
288 835 389 899 Job.
405 851 465 879 21.-
486 850 550 894 14.
573 836 631 879 Et
643 835 777 895 sponte
801 834 900 878 illud
923 835 1023 878 latet
1046 835 1128 896 ipsts
1152 867 1165 888 ,
1188 836 1297 879 coelos
1309 837 1407 897 jam
1420 836 1594 899 exstitiffb
1601 855 1676 902 per

59 903 138 947 Dei
152 899 372 956 sermonem
394 904 472 945 &c.
510 916 546 944 2.
564 903 650 944 Pet.
667 916 702 960 3:
723 914 758 957 5.
795 902 1009 944 Numerus
1029 913 1165 945 tamen
1190 916 1338 945 eorum
1364 916 1545 963 perrarus
1555 906 1676 951 omni

59 980 148 1012 aevo
161 999 172 1019 ,
197 970 239 1011 δε
261 967 457 1028 opinione
478 966 636 1028 vulgari
668 967 808 1010 minor
820 963 923 1010 fuit:
943 966 1102 1026 quique
1113 965 1206 1011 tales
1216 964 1382 1012 fuerunt
1396 1000 1408 1020 ‚
1431 967 1674 1030 plerumque

56 1029 301 1094 perditissimi
325 1031 515 1086 fuerunt,
550 1027 999 1092 quibusquefexpediret
1021 1046 1109 1076 non
1130 1027 1204 1075 effe
1228 1034 1396 1083 Deum3
1436 1049 1548 1088 cum,
1577 1035 1671 1095 quo

58 1097 225 1158 quisque
247 1099 365 1142 omni
387 1111 502 1142 aetate
524 1097 602 1142 fuit
615 1097 785 1159 probior
797 1130 810 1148 ,
833 1095 887 1140 eo
901 1093 1131 1159 diligentius
1143 1098 1334 1144 notitiam
1346 1099 1429 1143 Dei
1441 1098 1674 1146 custodive-

0 1177 3 1180 ·
59 1165 120 1208 n't.
153 1168 310 1211 Verum
335 1162 428 1209 inde
454 1180 540 1208 non
555 1165 681 1225 magis
692 1160 912 1207 conficitur
928 1163 1121 1207 notitiam
1133 1159 1237 1207 hanc
1249 1160 1298 1208 de
1310 1166 1408 1218 Deo
1423 1164 1544 1210 nobis
1555 1167 1674 1212 inna-

59 1242 136 1275 tam
159 1244 242 1274 non
265 1225 365 1284 esse,
399 1246 526 1291 quarn
551 1230 722 1288 reliquas
745 1229 928 1273 veritates
949 1225 1000 1272 de
1024 1225 1193 1279 officiis,
1220 1227 1271 1273 de
1294 1225 1672 1286 lionesto&bono5

60 1310 147 1356 quae
171 1294 350 1340 fimiliter
372 1297 394 1340 ὲ
417 1295 562 1340 talibus
585 1296 899 1357 opprimuntur,
938 1290 1101 1338 homini
1117 1309 1203 1337 non
1217 1290 1484 1340 effehnaturaff
1521 1296 1671 1352 insitas,

57 1377 152 1421 quas
174 1374 308 1406 tamen
333 1377 476 1406 omnes
499 1362 613 1406 recto
636 1361 803 1406 rationis
815 1358 889 1403 usu
901 1356 1086 1404 adhibito
1099 1376 1147 1404 ex
1160 1359 1234 1404 sese
1245 1361 1382 1404 elicere
1391 1377 1436 1406 ac
1447 1359 1671 1423 deprehen-

53 1424 144 1472 dere
155 1422 371 1489 potuiffent
384 1448 397 1471 .·
411 1441 536 1486 atque
547 1443 596 1471 eo
609 1441 782 1486 quoque
794 1422 927 1470 modo
940 1426 1086 1470 notitia
1099 1422 1149 1470 de
1162 1429 1258 1471 Deo
1273 1427 1462 1471 naturalis
1472 1425 1530 1472 est
1541 1461 1554 1481 ‚
1581 1443 1669 1472 non

55 1491 170 1553 quod
192 1494 284 1538 actu
307 1492 459 1555 semper
471 1492 666 1537 omnibus
678 1490 844 1554 praesens
857 1489 920 1544 fit,
944 1488 1009 1536 sed
1022 1487 1141 1551 quod
1153 1492 1381 1553 potentiam
1393 1507 1537 1538 omnes
1547 1491 1673 1539 habc-

53 1572 121 1608 ant
132 1575 220 1603 eam
232 1557 411 1603 eliciendi
425 1591 436 1611 ‚
454 1575 497 1603 ac
511 1559 693 1620 plerique
705 1573 878 1617 quoque
890 1557 984 1600 aetu
997 1573 1087 1601 eam
1099 1557 1270 1601 eliciant.

117 1627 272 1670 XXV.
303 1621 588 1676 ,Atheismum
613 1638 749 1669 autem
773 1620 892 1683 quod
922 1621 1071 1683 spectat
1097 1656 1110 1675 ,
1143 1623 1256 1667 nulla
1278 1622 1423 1683 opinio
1446 1623 1518 1668 illo
1541 1625 1668 1689 magis
1688 1623 1857 1674 Athezsmi

51 1688 263 1735 execranda
287 1704 408 1750 atque
431 1691 559 1751 magis
582 1690 798 1752 perniciosa
811 1687 868 1732 est
882 1708 895 1731 .·
922 1685 1024 1731 nihil
1047 1689 1157 1731 enim
1171 1686 1279 1732 aliud
1292 1686 1349 1732 est
1363 1704 1490 1747 quam
1503 1691 1668 1736 rationis
1687 1679 1859 1742 albomma-

51 1753 217 1814 ejuratio
241 1760 282 1801 &
308 1754 569 1800 humanitatis
592 1756 818 1816 abnegatio.
853 1756 970 1798 Cum
994 1754 1105 1797 enirn
1128 1754 1210 1798 Dei
1236 1751 1461 1799 conditoris
1483 1758 1667 1816 cognitio
1688 1746 1740 1771 ‘²⁰‘

53 1822 165 1866 unica
190 1819 375 1866 humanae
402 1835 554 1866 naturae
577 1837 658 1883 prae
680 1820 845 1881 reliquis
866 1820 1054 1863 creaturis
1077 1817 1126 1864 fit
1157 1817 1350 1880 perfectio
1364 1834 1485 1879 atque
1499 1819 1670 1867 humani

52 1888 198 1948 generis
209 1888 331 1932 veluti
343 1886 531 1932 nobilitas
542 1891 583 1931 ἃ
598 1886 700 1948 spes3
718 1900 898 1944 cumque
910 1885 1067 1945 religio,
1080 1884 1372 1945 qualiscunque
1384 1901 1427 1929 ea
1440 1883 1489 1929 fit
1503 1920 1515 1939 ,
1539 1884 1671 1932 hone-

52 1949 189 1998 statem
212 1951 344 1998 saltem
372 1953 552 2012 aliquam
578 1957 620 1997 δε
646 1950 836 1997 ordinem
860 1952 902 1994 in
925 1948 1088 1995 mundo
1114 1950 1262 2001 servet3
1293 1947 1379 1994 haec
1393 1952 1534 2011 omnia
1558 1954 1669 1998 tollit

50 2015 257 2064 atheismus
270 2052 282 2072 ‚
304 2023 347 2063 &
359 2016 408 2063 ad
421 2020 562 2063 omnia
574 2018 711 2063 scelera
723 2019 835 2062 viam
848 2016 985 2077 aperit.
1021 2013 1154 2061 Unde
1167 2013 1380 2059 atheismus
1393 2029 1477 2060 non
1491 2016 1548 2062 est
1562 2034 1661 2079 pro-

49 2080 160 2134 fesfio
175 2084 304 2144 aliqua
317 2118 329 2138 ,
355 2083 435 2129 five
448 2083 565 2138 secta,
578 2101 670 2144 quae
685 2082 734 2129 ad
747 2096 857 2128 certa
870 2082 1011 2126 munia
1024 2080 1234 2126 sefftatores
1246 2081 1336 2125 suos
1348 2079 1548 2134 devincit3
1579 2082 1660 2135 scd,

50 2164 143 2199 cum
166 2149 208 2193 in
230 2166 343 2195 mero
367 2148 497 2196 derisu
521 2151 702 2195 numinis
725 2163 846 2209 atque
870 2147 1071 2208 religionis
1097 2147 1233 2191 omnis
1263 2145 1478 2200 confisum,
1502 2148 1667 2209 nec-ipse

49 2214 190 2263 sestam
205 2213 325 2260 facere
337 2250 349 2270 ‚
373 2231 444 2261 nec
457 2232 552 2261 cum
566 2217 649 2261 aliis
660 2217 767 2260 coire
780 2210 926 2276 potest,
939 2228 1036 2258 cum
1049 2214 1159 2257 nulla
1171 2209 1396 2257 hominum
1409 2212 1570 2260 ibcietas
1583 2213 1667 2260 fine

50 2280 156 2330 sensu
169 2280 329 2339 alicujus
340 2283 519 2327 numinis
533 2279 747 2327 conslstCrC
759 2280 846 2324 ullo
859 2276 992 2322 modo
1007 2276 1141 2340 poffit.
1880 2335 1882 2337 ,

112 2349 151 2392 X
165 2350 201 2392 X
214 2349 250 2391 X
264 2351 297 2392 I.
331 2348 471 2394 Causae
497 2346 675 2393 atheismi
700 2362 785 2390 non
799 2347 840 2389 in
855 2359 942 2388 uno
957 2345 1095 2404 aliquo
1110 2342 1280 2388 homine
1293 2358 1492 2404 tanquam
1505 2346 1546 2389 in
1560 2346 1666 2406 capi·
1688 2351 1774 2390 illius
1788 2355 1888 2403 causa

50 2428 88 2460 te
98 2415 206 2460 sech
218 2411 441 2474 quaerendae
454 2413 546 2459 sunt
560 2448 571 2467 ,
586 2411 649 2459 secl
661 2415 783 2458 latent
797 2413 837 2455 in
851 2407 930 2472 ipsa
943 2424 1095 2455 naturae
1110 2408 1300 2455 humina:
1314 2409 1451 2455 indole
1472 2427 1483 2461 3
1501 2415 1543 2454 δέ
1558 2427 1637 2454 con
1647 2439 1666 2447 -

48 2478 178 2526 ferunt
190 2478 268 2524 huc
280 2515 292 2534 ,
308 2483 348 2525 in
362 2480 565 2525 intellectu
587 2479 815 2541 ignorantia
829 2477 1017 2521 naturalis
1032 2510 1042 2528 ,
1068 2475 1158 2520 {fisa
1191 2476 1384 2536 principia
1397 2480 1438 2520 δέ
1456 2477 1664 2537 praecipue

0 2564 1 2568 ¹
51 2547 319 2610 corporeitatis
329 2544 378 2593 de
389 2548 484 2591 Deo
497 2561 735 2608 conceptum
752 2547 793 2588 in
807 2543 1019 2588 voluntate
1033 2538 1250 2603 prol-finitas
1273 2546 1314 2584 ἅτ
1342 2541 1478 2585 scelera.
1502 2543 1662 2593 omnia,

51 2616 260 2674 praesertim
282 2626 508 2659 contemtus
534 2613 643 2659 verbi
654 2610 807 2667 divini,
832 2610 1126 2669 atqucanimus
1140 2605 1329 2653 malefibi
1348 2608 1525 2652 conscius
1542 2623 1554 2657 3
1576 2607 1667 2649 reli-

1587 2687 1658 2731 gio
