2116 2901
436 140 492 186 80
670 160 674 164 <
797 117 1687 188 L113.I.CA1³UTXII.‘

209 238 256 284 ό.
268 239 324 289 qm·
333 239 369 277 in
495 225 532 268 L
546 227 566 267 Ι
580 226 614 268 I.
649 221 698 265 In
723 216 876 266 excessu
890 219 1090 265 Sociniani
1101 234 1332 279 eorumque
1343 213 1486 263 affeclae
1499 219 1647 264 rationi
1659 217 1837 262 nimium
1850 214 2044 274 deferunt}

209 294 342 344 excessu.
431 305 527 333 cum
552 288 601 332 ab
624 287 692 331 illa
714 299 760 332 ut
786 284 1135 344 judice&norma
1148 283 1341 347 mysteria
1352 281 1448 328 fidei
1461 281 1633 345 pendere
1645 284 1784 328 velint.
1817 286 2046 330 Praetexunt
2112 294 2116 322 ἱ

429 351 621 414 equidem
635 385 647 405 ,
660 350 779 412 quod
792 366 877 396 non
891 365 1104 413 opponant
1118 351 1317 395 rationem
1339 350 1567 411 Scriptum,
1581 349 1642 394 uti
1656 346 1793 392 hoc‘iis
1804 348 2046 408 imponitur,

429 417 494 463 sed
519 416 600 462 hoc
623 416 756 461 solum
780 412 985 460 {eafferere
997 414 1138 460 dicunt
1151 450 1163 466 ‚
1193 412 1311 475 quod
1333 414 1404 459 ubi
1417 412 1692 459 controversia
1703 411 1760 458 est
1772 411 1823 458 de
1835 413 2045 475 Scripturae

430 483 568 537 sensu,
593 498 666 526 nec
700 483 764 526 ille
776 481 864 526 satis
878 494 998 543 patet,
1010 494 1103 525 tum
1128 482 1295 526 rationis
1311 476 1386 524 effe
1397 477 1448 523 de
1460 476 1722 537 eojudicare,
1747 482 1968 540 &operam
1978 476 2047 525 da-

427 564 470 592 re
493 564 544 592 ne
573 560 715 592 contra
728 548 851 608 ipsam
864 548 1090 607 quicquam
1104 544 1313 592 statuatur.
1347 547 1447 589 Hoc
1460 558 1596 589 autem
1609 545 1796 604 quamvis
1807 541 2047 608 ¹liciturigrifl'e

429 612 627 657 fateamur
639 614 738 657 circa
751 610 874 656 dubia
888 616 930 656 δι
942 611 1110 656 obscura
1123 613 1335 673 Scriptura?
1348 608 1458 654 dicta
1469 643 1482 663 ‚
1518 623 1655 654 tamen
1682 609 1886 653 sociniaffi
1899 605 2048 672 duplici

428 679 599 722 nomine
611 675 678 722 hic
690 679 939 739 impingunt.
983 693 1017 721 1.
1042 675 1162 737 quod
1186 678 1282 721 locis
1295 676 1507 737 Scripturae
1521 675 1633 719 claris
1646 679 1688 720 δε
1704 673 1914 736 perspicuis
1932 691 2048 737 argu-

426 755 564 787 menta
588 744 610 786 a
632 745 789 787 ratione
811 747 854 787 &
877 739 1050 787 absurdo
1063 759 1112 786 ex
1123 742 1167 785 ea
1181 721 1317 793 ‚hicet
1341 740 1363 784 ὲ
1387 741 1622 802 ionginquo
1653 741 1796 802 petito,
1821 740 2047 802 opponant,

427 805 612 868 adeoque
625 810 872 870 Scripturam
886 805 1139 853 manifestam
1151 805 1202 852 ad
1213 808 1412 852 rationem
1425 803 1708 865 detorqueant.
1748 822 1785 850 2.
1824 803 1943 865 quod
1954 807 2046 852 loco

427 874 594 918 rationis
619 874 738 918 reffitae
768 886 1004 935 corruptam
1020 877 1061 917 &
1076 869 1250 934 peffimis
1262 869 1891 918 ratiocinationibusinstructam
1902 870 2048 935 suppog

427 952 546 988 nant,
560 954 686 999 eaque
700 951 880 983 utantur.
2100 977 2103 984 ,

493 1007 530 1048 L
545 1006 566 1047 Ι
580 1006 599 1047 Ι
611 1008 644 1048 Ι.
683 1005 813 1051 Ratio
840 1017 975 1048 autem
1002 1002 1205 1064 religionis
1217 1019 1364 1047 norma
1376 999 1450 1048 esse
1463 1019 1549 1047 non
1562 1000 1708 1064 potest.
1743 1003 1783 1048 Si
1795 1002 1904 1048 enim
1918 1001 2048 1050 confi·
2100 1029 2102 1042 e

432 1065 595 1113 deretur
606 1069 688 1128 qua
703 1082 892 1131 corrupta
907 1103 919 1122 ‚
932 1084 1018 1113 non
1031 1068 1164 1113 solum
1177 1067 1234 1113 est
1246 1067 1349 1113 infra
1362 1066 1505 1122 fidem,
1518 1067 1583 1113 {cd
1595 1072 1638 1112 &
1651 1081 1793 1112 contra
1804 1084 1893 1112 eam
1904 1101 1916 1121 ‚
1953 1072 2048 1116 cum
2074 1083 2076 1085 ’
2099 1079 2102 1098 ²

429 1149 539 1178 coeca
562 1137 604 1178 &
629 1132 726 1179 fidei
750 1135 913 1178 inimica
938 1132 1000 1179 sit.
1038 1137 1158 1178 Nam
1161 1133 1300 1191 stensus
1311 1141 1443 1179 carnis
1454 1140 1661 1179 inimicitia
1674 1141 1714 1177 in
1729 1133 1955 1193 Deumest,
1978 1136 2049 1198 legi

426 1206 533 1242 enim
555 1203 634 1244 Dei
657 1217 734 1243 non
748 1198 981 1260 subjicitur.
1017 1203 1138 1243 Nam
1151 1217 1199 1243 ne
1206 1199 1327 1260 potest
1339 1200 1512 1261 quidem.
1554 1202 1689 1246 Rom.
1706 1199 1747 1245 8:
1762 1216 1804 1259 7.
1842 1201 2051 1246 Animalis

425 1262 537 1307 homo
565 1282 641 1307 non
667 1264 718 1324 est
751 1281 878 1327 capax
900 1282 1037 1310 eorum
1061 1282 1144 1327 quae
1155 1264 1257 1321 sunt
1280 1270 1450 1327 Spiritus
1473 1270 1551 1311 Dei
1575 1284 1589 1308 .·
1614 1263 1717 1321 fimt
1740 1271 1845 1309 enim
1876 1271 1909 1308 ei
1910 1265 2051 1323 stulti-

429 1335 502 1373 tm.
544 1346 579 1373 I.
605 1333 708 1375 Cor.
726 1346 765 1373 2:
785 1344 850 1389 14.
887 1334 991 1374 Caro
1016 1331 1167 1392 quippe
1196 1336 1243 1381 ῤ’
1270 1331 1424 1392 pugnis
1437 1329 1544 1374 nobis
1565 1347 1612 1374 ea
1637 1348 1712 1374 non
1730 1329 1853 1391 potest
1865 1345 2045 1393 retegere.
2099 1351 2101 1387 3

429 1391 584 1439 Matth.
617 1403 670 1440 16
685 1413 695 1439 :
737 1412 803 1456 17,
841 1411 910 1454 24.
945 1400 988 1439 δε
1014 1395 1191 1455 Christus
1214 1397 1426 1455 crucifixus
1459 1394 1618 1457 Judaeis
1641 1396 1801 1458 quidem
1837 1393 2049 1453 offindicu-

429 1462 669 1513 lum‚Graecz‘s
681 1459 970 1518 verostnltz'tia.
992 1464 1050 1504 Et
1063 1468 1194 1505 vocati
1205 1479 1281 1505 non
1285 1460 1385 1518 sitm
1397 1459 1717 1522 multistcpientes
1725 1460 1949 1516 ficundnm
1961 1478 2050 1506 car·
2099 1460 2100 1478 ³

429 1542 531 1570 nem.
578 1542 611 1570 1.
628 1529 731 1570 Cor.
749 1543 784 1570 1:
802 1542 864 1585 23.
889 1529 931 1570 &
946 1533 1012 1571 26.
1044 1530 1087 1570 δε
1112 1528 1306 1571 occultare
1332 1525 1432 1571 solet
1460 1529 1576 1571 Deus
1589 1523 2050 1589 mysteriasuasapienti-
2098 1533 2099 1539 ’

432 1588 506 1635 bus
520 1596 566 1642 «y
579 1590 898 1653 intellzgentibus.
933 1589 1090 1635 Matth.
1109 1608 1125 1635 1
1137 1599 1254 1637 1:26.

496 1658 533 1700 L
549 1659 637 1702 IV.
669 1659 758 1700 Nec
782 1655 895 1714 juvat
920 1657 1066 1702 rationi
1088 1657 1187 1701 sanae
1212 1654 1401 1704 officium
1423 1654 1504 1702 hoc
1515 1656 1703 1702 tribuere.
1737 1657 1850 1702 Talis
1871 1657 1981 1702 enim
2008 1657 2051 1705 in

430 1717 601 1764 homine
613 1734 812 1782 corrupto
825 1737 911 1765 non
923 1719 1056 1766 datur:
1073 1738 1144 1765 nec
1156 1722 1198 1766 in
1210 1719 1382 1767 homine
1393 1724 1552 1784 integro
1567 1722 1650 1784 ipsa
1661 1720 1851 1784 potuiffet
1863 1719 1937 1767 esse
1950 1738 2050 1768 nor-
2096 1723 2099 1779 j

433 1801 502 1829 ma
515 1784 809 1848 mysteriorum
830 1787 1192 1849 supernaturalium
1207 1805 1216 1831 :
1232 1803 1365 1847 neque
1378 1789 1448 1832 ubi
1461 1802 1570 1831 nunc
1582 1803 1652 1849 per
1663 1791 1730 1849 Sp.
1744 1791 1782 1832 S.
1797 1786 2048 1840 emendatur,
2096 1783 2099 1821 ,²

430 1848 698 1908 judicandum
712 1850 768 1896 est
778 1850 896 1910 juxta·
906 1850 1114 1913 ipsam,sed
1125 1850 1240 1910 juxta
1251 1855 1498 1916 principium
1510 1852 1832 1915 primum,quod
1842 1854 1945 1898 ratio
1957 1854 2050 1899 illu-
2096 1855 2097 1861 ’

274 1973 299 1975 ἢ
431 1917 584 1961 minata
593 1915 677 1974 jam
691 1914 886 1970 admittit,
900 1933 1045 1979 nempe
1056 1919 1317 1979 Scripturam.

210 1976 374 2041 Ϊηΐῗνρἴέ·
497 1985 533 2026 L
549 1985 604 2028 V.
639 1982 851 2044 Hactenus
873 1980 923 2026 de
958 1985 1254 2044 Scripturarum
1279 1985 1507 2045 interprete.
1543 1987 1708 2028 Norma
1730 1999 1869 2029 autem
1881 1985 2051 2030 unica&
2103 1980 2106 1984 ’

214 2046 346 2093 tatqoms
430 2046 618 2108 primaria
629 2046 740 2093 istius
751 2049 1110 2110 interpretationis,
1126 2047 1267 2107 utjam
1280 2047 1473 2103 diximus,
1486 2048 1543 2094 est
1567 2051 1781 2111 Scriptura.
1814 2050 1895 2095 Ad
1915 2052 2049 2112 legem,

211 2093 376 2179 ᾗζΐῖἵ
433 2118 482 2164 &⁰
508 2112 770 2171 testimonium
783 2116 861 2158 &c.
897 2113 1000 2158 Esai.
1016 2114 1057 2159 8.-
1075 2129 1141 2157 20.
1179 2112 1347 2158 Habent
1359 2114 1520 2172 Moftm
1534 2121 1582 2167 &
1596 2114 1823 2177 Prophetas.
1858 2119 1964 2160 Luc.
1983 2122 2050 2160 16.-

308 2168 317 2177 ⁸
374 2169 384 2180 ’
436 2193 504 2234 29.
545 2177 679 2239 Qod
702 2179 806 2222 olim
831 2182 1013 2239 Optatus
1037 2180 1303 2224 Milevitanus
1326 2179 1416 2224 scite
1439 2178 1734 2225 demonstravit
1759 2195 1828 2241 per
1838 2179 2052 2225 testamen-

435 2255 527 2287 tum
552 2244 702 2294 Patris,
743 2242 836 2304 post
862 2244 967 2288 illius
990 2258 1169 2288 mortem
1196 2243 1246 2288 ab
1269 2241 1494 2290 haeredibus
1517 2244 1811 2289 consulendum
1827 2279 1839 2295 ,
1856 2243 1906 2290 ad
1917 2245 2052 2291 litium

434 2308 628 2351 omnium
641 2309 743 2352 circa
754 2305 1027 2353 haereditatem
1040 2306 1299 2354 decisionem.
1334 2309 1473 2369 Lib.5‚
1500 2308 1649 2354 advers.
1668 2311 1919 2355 Parmenian.

214 2371 284 2409 Cui
299 2371 401 2409 ‘'7²¹2'‘
501 2376 537 2418 L
552 2376 594 2419 V
608 2377 641 2417 Ι.
681 2373 796 2417 Male
808 2389 905 2435 ergo
919 2371 1127 2418 Pontificii
1144 2375 1390 2434 Scripturam
1404 2373 1772 2419 controverfiarum
1787 2375 1967 2436 regulam
1980 2370 2052 2422 effe

217 2426 337 2462 cedunt
360 2482 379 2490 ,,
434 2451 581 2499 negant
596 2471 608 2490 ‚
636 2436 802 2483 sedeam
827 2440 924 2483 utile
945 2453 1106 2484 tantum
1136 2436 1186 2483 ad
1210 2438 1338 2485 fidem
1352 2438 1572 2485 fovendam
1596 2441 1985 2494 commonitorium,
2009 2439 2052 2486 δέ
2091 2455 2095 2508 j

215 2480 390 2529 Pomtficu.
435 2501 486 2614 Ed
510 2502 722 2550 summum
749 2506 930 2567 regulam
943 2506 1165 2568 partialem,
1180 2521 1352 2567 eamque
1365 2518 1527 2552 mutam
1541 2510 1582 2552 &
1595 2506 1830 2569 ambiguam
1841 2507 1884 2550 in
1897 2507 2050 2561 multis,

436 2587 440 2591 ⁴
475 2581 632 2617 atuunt.
2006 2580 2015 2593 ‘

1798 2636 1938 2683 LVII.
1971 2639 2052 2685 Ve.
