2116 2901
325 136 415 180 Dr:
449 128 1456 179 ῙΝτειιεετυδεὸςῙεΝτιΛΒΕῐζ
1596 147 1676 192 117

53 237 144 269 rum
156 218 439 265 determinavit
451 252 464 272 ,
498 228 620 278 atque
643 214 744 262 adeo
757 214 808 260 de
819 216 880 270 iis,
893 228 940 260 ut
952 212 1086 259 adhuc
1098 210 1412 267 futuris,dantur
1423 210 1676 275 propofitio„

54 303 119 332 nes
131 284 391 330 determinate
406 299 507 329 verae
521 299 531 334 ς
548 298 646 327 nam
660 279 779 341 quod
792 282 886 325 actu
901 278 1038 342 postea
1052 278 1140 331 fieri
1151 275 1339 324 videmus
1351 312 1363 332 ‚
1398 276 1441 325 id
1454 291 1675 338 antequam

55 350 166 400 fieret
187 348 280 395 vere
305 347 495 393 futurum
519 361 616 401 erat,
639 351 682 392 ἅτ
705 345 1015 391 determinatam
1028 344 1281 390 futuritionis
1293 344 1504 390 veritatem
1517 340 1675 399 habuit,

55 430 172 477 atque
185 412 283 460 adeo
298 413 390 458 vere
406 412 595 459 futurum
610 410 815 474 praedicari
827 424 998 472 poterat.

117 484 232 527 XVI.
277 485 535 541 Qanquam
559 493 645 521 non
671 473 902 521 assentimur
915 473 1177 538 Chrysippeo
1190 488 1437 538 argumento
1449 509 1460 528 ‚
1486 489 1537 519 ex
1547 491 1677 519 enun-

54 554 241 599 clationis,
270 558 316 589 ut
329 544 588 604 loquebatur,
601 543 822 604 definitione
834 539 1037 595 desumto,
1050 540 1168 599 juxta
1180 557 1308 600 quam
1321 541 1371 585 ab
1384 553 1536 586 aeterno
1551 573 1563 593 ‚
1589 555 1677 585 non

56 609 299 658 confiderata
322 611 405 655 Dei
427 610 639 654 voluntate
662 609 724 652 vel
749 605 909 652 decreto
924 608 1010 651 ullo
1024 640 1037 660 ‚
1062 622 1207 652 verum
1219 621 1301 651 erat
1313 603 1363 650 de
1375 621 1623 666 quacunque
1637 622 1678 651 re

57 677 181 724 dicere
191 710 202 730 ,
235 690 309 721 aut
322 683 397 720 erit
411 709 423 729 ‚
447 689 521 719 aut
535 692 611 718 non
624 681 712 718 erit.
752 670 884 717 Unde
907 671 1039 717 fatum
1063 671 1268 717 inferebat.
1305 668 1382 716 Sed
1411 669 1491 715 hoc
1503 687 1552 714 ex
1567 671 1679 715 meri

57 744 224 804 Logices
236 740 436 803 imperiti&
447 739 517 785 est.
543 744 659 785 Cum
672 739 782 783 enim
795 740 1008 783 axiomatis
1018 735 1212 796 disjuncti
1235 749 1361 798 partes
1373 734 1451 781 fint
1463 735 1679 798 oppositae,

57 822 228 868 utraque
249 805 420 867 quidem
446 804 567 851 fimul
591 822 682 849 vera
705 800 779 849 effe
791 808 833 849 &
845 802 1010 848 existere
1023 819 1110 847 non
1123 801 1257 865 potest
1271 836 1283 855 ‚
1313 799 1378 846 sed
1391 802 1577 846 alterutra
1590 817 1682 847 tan-

58 889 169 924 tum;
196 888 281 917 non
305 886 441 917 tamen
465 870 559 917 inde
572 871 752 930 sequitur
765 903 777 922 ,
793 883 921 931 partes
932 868 1015 927 ejus
1028 867 1260 931 singulatim
1275 883 1447 928 quoque
1460 863 1686 913 neceffarias

59 937 142 986 esse.
180 943 235 984 Et
264 939 368 983 ratio
392 936 449 982 est
463 972 475 991 ,
501 953 629 997 quam
641 936 762 997 logici
776 934 872 980 dant
887 968 899 987 ,
913 935 1010 995 quia
1022 932 1309 994 disjunc‘Ptionis
1324 930 1523 978 necessitas
1534 931 1682 993 pendet

59 1022 107 1052 ex
137 1000 339 1049 necessaria
353 1005 530 1066 partium
543 999 817 1064 oppositione,
839 1016 926 1044 non
941 1014 1077 1045 autem
1091 1016 1140 1043 ex
1153 997 1273 1056 hujus
1285 1000 1348 1042 vel
1361 998 1466 1042 illius
1478 999 1597 1060 partis
1610 1014 1682 1043 ne..

61 1068 211 1116 cessaris
237 1072 412 1115 veritate.
451 1070 634 1114 Partium
658 1068 859 1110 nimirum
887 1064 1138 1127 singularum
1166 1061 1366 1109 necessitas
1388 1080 1475 1107 non
1487 1065 1508 1108 ὲ
1522 1065 1557 1109 se
1580 1065 1681 1127 ipsa,

60 1135 123 1182 sed
135 1139 156 1181 a
168 1136 249 1181 sola
268 1138 349 1184 Dei
362 1136 588 1188 voluntate,
602 1149 694 1194 quae
708 1134 843 1178 omnis
855 1129 1023 1183 ordinis,
1039 1131 1213 1176 veritatis
1225 1135 1267 1175 &
1280 1130 1471 1176 bonitatis
1483 1131 1594 1176 causa
1606 1128 1681 1185 est,

60 1201 216 1266 pendet.

124 1271 264 1315 XVII.
299 1266 441 1314 Media
463 1282 561 1329 ergo
585 1264 649 1310 hic
662 1262 836 1310 ineunda
849 1265 912 1309 via
923 1262 995 1318 est,
1020 1279 1070 1309 ne
1083 1276 1153 1309 aut
1164 1263 1487 1326 contingentiam
1501 1260 1682 1308 adstrua-

63 1351 152 1381 mus
173 1332 354 1380 adversus
377 1335 460 1380 Dei
489 1332 775 1396 praescientiam
790 1365 801 1384 ‚
826 1344 895 1375 aut
904 1329 1067 1376 fatalem
1078 1345 1216 1374 rerum
1230 1326 1467 1374 invehamus
1479 1326 1684 1374 necessita-

63 1414 145 1447 tem
158 1434 170 1455 ‚
205 1418 298 1461 quae
322 1416 492 1445 omnem
516 1398 838 1458 contingentiam
860 1394 1056 1441 excludit.
1087 1398 1204 1440 Deus
1227 1396 1339 1439 enim
1361 1408 1517 1439 certum
1530 1392 1686 1457 praesti-

63 1468 139 1513 tuit
152 1465 338 1512 ordinem
352 1465 573 1518 causarum,
598 1464 620 1508 a
632 1463 782 1523 quibus
795 1460 942 1524 pendet
955 1463 1065 1506 actus
1078 1459 1345 1523 specificatio;
1372 1461 1446 1519 qui
1459 1474 1593 1505 tamen
1607 1476 1684 1522 pro

63 1533 215 1578 ratione
238 1533 443 1578 causarum
466 1527 731 1575 secundarum
755 1527 934 1573 libere&
947 1528 1227 1589 contingenter
1251 1526 1350 1588 saepe
1363 1523 1512 1570 existit.
1549 1523 1686 1585 Qod

65 1595 205 1643 scholae
230 1599 283 1644 ita
296 1599 521 1650 enuntiant,
541 1609 587 1641 ut
601 1595 888 1656 contingentiae
906 1597 948 1638 ὃς
961 1592 1134 1637 liberm
1146 1605 1342 1654 repugnet
1354 1588 1553 1636 necessitas
1566 1604 1687 1636 natu-

67 1664 153 1708 ralis
169 1699 180 1714 ,
195 1664 346 1709 interna
358 1699 371 1716 ‚
389 1662 568 1708 absoluta
582 1695 594 1715 ‚
610 1657 841 1706 antecedens
853 1663 896 1704 &
908 1658 1188 1718 consequentis
1200 1674 1211 1709 3
1227 1673 1314 1701 non
1327 1670 1463 1703 autem
1476 1653 1689 1719 hypothe-

67 1727 557 1783 tica,externa‚secundum
570 1724 686 1787 quid,
702 1725 950 1785 consequens
962 1728 1004 1768 &
1017 1723 1329 1783 consequentiae.

131 1798 297 1842 XVIII.
332 1793 566 1852 Objeetum
590 1791 757 1837 scientiae
782 1788 930 1835 divinae
944 1791 1089 1851 excipit
1102 1790 1192 1833 ordo
1204 1789 1323 1842 illius,
1338 1786 1447 1833 unde
1460 1786 1554 1834 fluit
1566 1787 1688 1834 scien-

69 1862 131 1907 tiae
144 1858 289 1906 divinae
301 1858 463 1914 divisio,
477 1875 564 1903 non
577 1860 618 1902 in
631 1874 672 1902 re
685 1857 776 1920 ipsa,
791 1855 856 1901 sed
869 1869 1069 1917 conceptu
1081 1852 1225 1899 nostro
1237 1851 1449 1899 duntaxat.
1709 1851 1853 1914 Sft'ef'tt'as

133 1929 246 1972 XIX.
281 1930 342 1971 Ita
365 1925 515 1988 duplex
539 1927 636 1970 Deo
650 1923 843 1967 tribuitur
855 1921 1037 1974 scientia,
1055 1936 1135 1977 una
1150 1916 1377 1974 necessaria,
1395 1920 1609 1973 naturalis,
1623 1919 1688 1964 {eu
1710 1905 1828 1944 devina
1854 1920 1910 1944 θ’·

58 1993 241 2055 simplicis
253 1995 504 2054 intellzgentt'ae
516 2025 530 2041 ‚
556 2006 649 2050 quae
674 1989 902 2049 concipitur
914 1984 1141 2032 antecedere
1153 2001 1279 2032 omne
1292 1984 1499 2031 decretum
1512 1986 1621 2039 Dei,
1647 1988 1689 2030 &
1710 1960 1761 1998 ἄρ’

73 2073 120 2104 ex
143 2058 224 2103 sola
236 2059 376 2103 natura
400 2056 484 2115 eius
505 2053 675 2118 pendere
688 2088 700 2108 ‚
734 2067 859 2116 prout
883 2055 1064 2098 intuetur
1087 2053 1313 2114 potentiam
1326 2051 1439 2096 suam
1451 2049 1690 2106 absolutam,
1711 2048 1853 2110 scienqia

74 2138 266 2185 quatenus
289 2122 519 2168 extenditur
543 2119 594 2165 acl
618 2122 758 2164 omnia
782 2116 995 2181 possibilia.
1054 2122 1199 2178 Atque
1223 2115 1325 2163 adeo
1348 2116 1475 2179 reipsa
1499 2132 1586 2160 non
1611 2114 1691 2161 dif-
1703 2100 1860 2191 fimpl55⁶²³

75 2187 166 2242 ffert
189 2191 211 2234 a
234 2189 392 2235 scienti&
417 2187 598 2235 attributi
616 2186 808 2249 potentiae
833 2183 997 2240 divinae,
1024 2182 1090 2230 sed
1102 2182 1246 2229 nostro
1260 2196 1425 2228 tantum
1437 2180 1691 2245 concipiendi
1709 2168 1778 2248 {Ze
1803 2169 1906 2205 ’μ’μ’

77 2254 217 2301 m0d0.

139 2323 230 2366 XX.
265 2319 596 2368 Fundamentum
621 2334 718 2381 ergo
731 2316 842 2363 istius
855 2317 1040 2367 scientiae,
1053 2316 1118 2360 seu
1132 2314 1246 2361 radix
1258 2312 1526 2378 possibilitatis
1537 2331 1690 2369 rerum,

78 2385 132 2432 est
143 2389 223 2433 Dei
235 2388 412 2449 potentia
424 2385 730 2447 inseparabiliter
740 2383 881 2442 juncta
894 2399 989 2427 cum
1003 2380 1086 2440 ejus
1108 2382 1309 2444 sapienti&
1345 2385 1400 2427 Et
1412 2382 1465 2427 ita
1477 2379 1691 2439 objectum

78 2454 178 2498 illius
189 2453 352 2498 scientiae
365 2453 456 2497 sunt
469 2467 528 2496 res
538 2448 740 2512 possibiles
762 2451 803 2493 in
816 2449 956 2508 aliquo
981 2446 1126 2492 ordine
1149 2444 1328 2510 poffibili
1357 2445 1511 2509 positae.
1548 2450 1694 2506 Atque

81 2516 176 2563 adeo
189 2516 392 2564 decretum
405 2519 488 2563 Dei
501 2532 587 2560 non
600 2530 685 2561 tam
698 2513 904 2559 ordinaret
916 2530 974 2558 res
986 2547 998 2567 ,
1027 2529 1157 2573 quam
1168 2511 1330 2558 ordines
1341 2529 1478 2558 rerum
1492 2509 1698 2575 possibiles

81 2597 146 2646 per
168 2585 248 2632 Dei
265 2585 490 2648 potentiam
501 2587 543 2629 &
558 2582 805 2645 sapientiam,
819 2580 839 2626 ὲ
855 2578 958 2627 statu
972 2576 1241 2643 possibilitatis
1251 2576 1475 2625 traduceret
1487 2580 1528 2624 in
1541 2576 1699 2623 statum

1016 2649 1047 2692 P
1086 2660 1103 2706 3
1586 2641 1702 2688 sinua
