2407 3135
661 188 718 233 24
896 155 900 160 ’
1049 169 1693 216 LIB.I.CAPU'1²
1753 168 1866 214 1v.

660 256 780 318 quod
791 256 1041 304 materialiter
1052 255 1240 302 divinum
1254 253 1326 300 esse
1335 254 1419 314 jam
1433 255 1706 317 cognovimus
1718 286 1731 307 ‚
1753 254 1936 315 plurimis
1948 257 1989 301 in
2001 257 2099 304 locis
2110 255 2262 304 divini-

658 324 733 367 tati
744 322 820 368 suae
836 357 848 376 ‚
861 322 1080 368 secundum
1093 316 1312 383 expreffam
1335 321 1400 365 seu
1412 320 1628 365 formalem
1639 318 1723 377 ejus
1733 320 1934 365 rationem
1950 356 1962 376 ,
1976 321 2263 370 testimonium

658 385 1012 448 praebeatHabent
1035 388 1180 443 Mosen
1193 393 1240 438 ὠ
1254 386 1469 448 Prophetas
1484 406 1497 428 .-
1510 387 1588 429 illos
1604 385 1788 429 audiant.
1801 387 1905 431 Luc.
1923 394 1992 434 16:
2006 405 2074 445 29.
2097 394 2265 435 Scruta-

658 459 760 495 mini
768 456 1006 515 Scripturas,
1023 459 1119 515 quia
1129 451 1362 511 existimatis
1374 469 1444 495 vos
1455 457 1495 494 in
1508 451 1590 512 ipsis
1601 457 1734 493 vitam
1745 464 1930 496 aeternam
1942 452 2084 499 habere
2099 472 2109 498 :
2137 460 2185 506 &⁴
2199 456 2267 499 illae

649 516 751 573 sant
762 535 845 579 qua
855 518 901 562 de
910 536 973 562 me
987 518 1194 578 testantur.
1211 514 1313 579 Joh.
1323 545 1326 548 ι
1335 531 1370 575 5:
1387 533 1451 577 39.
1470 519 1599 559 Sacrae
1611 514 1884 576 literaepcffimt
1905 517 2104 563 hominem
2105 519 2265 581 stipien-

625 620 629 624 ,
660 595 740 626 tem
763 583 923 628 reddere
944 583 1188 640 adsalutem
1204 583 1414 644 perfidem
1426 579 1622 643 qttaeesttn
1638 580 1787 639 Christo
1800 579 1923 641 Jefii.
1959 586 2126 629 2.Tim.
2144 600 2178 645 3:
2198 600 2264 644 15.

443 654 498 695 'vel
514 656 640 695 interno
659 658 751 691 tum
772 654 975 692 internum
988 652 1054 709 Sp.
1069 651 1106 692 S.
1120 662 1209 706 quo
1222 649 1432 709 Scripturae
1445 645 1632 690 divinitas
1644 649 1686 689 &
1697 642 1898 690 certitudo
1910 647 1953 691 in
1965 650 2107 694 animis
2119 648 2268 697 nostris

442 716 498 759 Sps
507 716 539 748 S·
659 708 869 762 efficaciter
892 711 1128 774 obsignatur
1139 745 1152 765 ,
1177 725 1224 756 ut
1246 709 1297 756 de
1319 728 1362 756 ea
1385 726 1471 755 non
1494 711 1628 754 solum
1641 711 1836 765 convicti,
1850 710 1916 756 sed
1928 716 1971 757 &
1983 713 2151 776 persuafi
2167 749 2180 770 ‚
2203 731 2266 763 eas

658 777 896 838 accipiamus
908 810 921 830 ,
933 790 1126 837 tanquam
1142 776 1370 822 sermonem
1380 777 1478 829 Dei,
1491 779 1534 821 δι’
1546 778 1647 820 Deo
1655 774 1831 837 dignum
1843 810 1855 829 ,
1875 793 2056 839 eumque
2067 772 2266 837 ameimus,

657 846 703 886 &
725 843 842 886 omni
854 843 979 887 animi
990 840 1139 887 affeetu
1152 858 1196 887 ac·
1206 842 1403 903 obsequio
1416 842 1616 891 colamus3
1638 839 1816 901 denique
1827 858 1903 887 nos
1914 842 2018 905 ipsos
2029 843 2270 907 nostrasque

658 907 810 951 animas
821 906 904 965 ejus
915 909 1101 968 regimini
1111 907 1280 952 libenter
1290 909 1571 969 permittamus
1584 923 1630 950 ac
1639 904 1846 952 dedamus.
1879 911 2031 955 Revela
2045 912 2171 955 oculos
2181 929 2266 957 me-

638 1010 640 1012 ,
657 988 711 1022 ω’,
727 987 776 1017 ut
786 989 945 1018 cernam
957 971 1159 1018 mirabilia
1171 975 1311 1036 exlege
1325 988 1413 1017 tua.
1430 972 1528 1018 Psal.
1545 988 1640 1029 1-19:
1660 988 1675 1016 1
1684 972 1724 1018 8.
1737 976 1938 1018 Dominus
1950 976 2076 1038 Lydia
2088 993 2152 1020 cor
2161 977 2266 1022 ada-

651 1043 787 1099 peruit
797 1072 809 1088 ,
825 1053 873 1083 ut
883 1038 1106 1082 attenderet
1118 1045 1179 1091 iis,
1190 1056 1273 1100 qua
1284 1037 1513 1083 dicebantur
1525 1035 1551 1081 a
1562 1039 1706 1082 Paulo.
1741 1039 1839 1082 Aet.
1861 1055 1877 1083 1
1886 1046 1927 1084 6:
1946 1056 2010 1100 14.
2050 1044 2139 1104 Qi
2160 1042 2267 1088 dixit

638 1141 641 1144 .
657 1117 707 1146 ut
731 1102 750 1146 ὲ
775 1101 939 1148 tenebris
962 1105 1035 1148 lux
1036 1103 1331 1164 splendesceret,
1364 1102 1487 1161 illeest
1498 1103 1769 1166 quisplenduit
1779 1110 1821 1149 in
1833 1103 2012 1151 cordibus
2019 1107 2157 1167 nostris
2169 1141 2181 1158 ,
2210 1107 2270 1154 ad

629 1165 900 1229 4praebendam
913 1170 1203 1213 lucemewtitiae.
1230 1185 1267 1213 2.
1283 1172 1386 1213 Cor.
1394 1184 1443 1227 4:
1458 1175 1498 1214 6.
1974 1225 1981 1232 Ι
2350 1225 2352 1234 ‚

727 1234 768 1276 X
781 1234 822 1276 V
834 1237 868 1278 I.
915 1237 1014 1278 Hoc
1036 1231 1321 1278 testimonium
1345 1268 1357 1287 ,
1394 1238 1436 1278 &
1465 1232 1571 1282 hanc
1596 1235 1874 1297 operationem
1899 1236 2099 1283 internam
2128 1240 2194 1300 Sp.
2220 1241 2264 1285 S.
2308 1238 2321 1258 “’
2349 1243 2352 1292 '5

656 1297 880 1359 agnoscunt
902 1300 1022 1344 etiam
1045 1297 1364 1344 Pontificiorum
1386 1300 1564 1361 primarii
1591 1305 1611 1354 <
1623 1315 1695 1345 nec
1716 1301 1783 1344 alii
1804 1316 1893 1345 eam
1916 1319 2058 1365 negare
2079 1300 2260 1365 poffimt,

657 1378 787 1422 quam
812 1364 1009 1426 pelagiani
1019 1398 1032 1414 ,
1051 1364 1217 1408 &liberi
1240 1365 1391 1409 arbitrii
1414 1366 1575 1426 patroni
1598 1370 1617 1419 )
1643 1366 1697 1410 ita
1710 1379 1756 1411 ut
1767 1366 2042 1413 controversia
2052 1368 2185 1414 solum
2199 1369 2266 1414 su-

657 1426 779 1488 perfit
791 1425 840 1472 de
851 1427 989 1473 medio
1002 1433 1045 1473 ὃ(
1058 1442 1408 1489 argumento,quo
1421 1433 1487 1491 Sp.
1502 1433 1542 1474 S.
1554 1427 1806 1475 divinitatem
1821 1433 2032 1495 Scripturae
2045 1434 2164 1479 nobis
2174 1450 2265 1496 per-

657 1491 796 1537 suadet
817 1528 828 1543 ,
867 1509 916 1537 an
929 1493 1029 1539 illud
1042 1493 1090 1541 fit
1101 1493 1285 1546 Ecclesiae
1298 1494 1596 1546 testimonium,
1607 1494 1722 1553 juxta
1733 1494 1994 1549 Pontificios;
2015 1514 2065 1543 an
2077 1515 2174 1544 vero
2185 1500 2265 1545 illae

656 1556 749 1618 ipfie
771 1572 880 1603 notae
904 1557 1124 1605 divinitatis
1148 1594 1160 1614 ,
1197 1561 1408 1621 Scripturae
1433 1557 1627 1622 impressae
1649 1595 1662 1611 ,
1683 1578 1790 1620 *quas
1814 1564 1880 1622 Sp.
1906 1567 1946 1609 8.
1968 1564 2266 1610 illuminatione

658 1621 727 1666 sua
739 1623 857 1668 nobis
867 1623 1059 1678 ostendit,
1072 1625 1252 1687 quasque
1264 1626 1465 1688 nosplena
1478 1627 1520 1671 in
1530 1627 1620 1671 >luce
1631 1624 1767 1671 videre
1778 1625 1871 1671 facit
1885 1647 1895 1673 ε
1909 1645 2042 1690 neque
2053 1630 2163 1674 enim
2173 1646 2265 1694 per-

657 1686 786 1733 suafio
798 1687 882 1745 ejus
893 1689 1026 1743 bruta,
1040 1704 1108 1734 aut
1121 1688 1204 1734 fine
1214 1692 1368 1735 ratione
1379 1690 1449 1736 est.
2132 1733 2139 1739 .

437 1769 538 1822 'Qod
552 1768 639 1819 fidei
723 1755 763 1797 X
775 1757 817 1799 V
827 1758 853 1799 Ι
865 1757 901 1800 Ι.
930 1757 1220 1817 ’(ᾈειηωηινίε
1251 1769 1387 1801 autem
1410 1754 1496 1801 haec
1519 1755 1731 1802 illustratio
1755 1760 1901 1806 mentis
1923 1776 1993 1821 per
2014 1763 2080 1822 Sp.
2093 1762 2132 1807 S.
2149 1758 2199 1816 ad
2212 1759 2275 1806 fi··'

436 1839 504 1864 non
516 1826 570 1871 est.
659 1816 753 1864 dem
768 1817 817 1864 fit
828 1816 1034 1865 necessaria
1044 1854 1057 1874 ‚
1069 1820 1234 1882 ejusque
1246 1820 1294 1866 sit
1306 1821 1417 1866 causa
1425 1818 1600 1867 efficiens
1619 1839 1629 1873 ς
1646 1838 1731 1867 non
1744 1836 1878 1868 tamen
1890 1824 1947 1870 est
1959 1839 2266 1887 argumentum,

437 1880 600 1930 principi·
658 1885 721 1928 vel
744 1885 988 1946 principium
1001 1918 1014 1939 ‚
1038 1900 1204 1948 propter
1226 1884 1345 1947 quod
1367 1884 1448 1932 hoc
1468 1888 1531 1931 vel
1553 1887 1657 1932 illud
1680 1886 1910 1942 credamus3
1936 1907 2079 1936 verum
2092 1889 2194 1936 illud
2207 1890 2267 1937 est

435 1945 512 1975 '‘n”
525 1932 581 1970 ‘⁰³²
658 1949 791 2013 ipsum
814 1950 989 1995 verbum
1015 1949 1204 1996 divinum
1216 1953 1322 1997 reete
1334 1966 1580 2014 perceptum.
1614 1951 1833 1998 Credimus
1844 1957 1954 2000 enim
1962 1972 2035 2018 per
2046 1955 2266 2017 persuafio-
2337 1977 2339 1989 ·

436 1999 617 2089 ἵζῖἶῖἷ
660 2030 755 2061 nem
764 2018 878 2078 Sp.S.
893 2032 979 2060 non
992 2033 1090 2061 vero
1095 2033 1253 2080 propter
1264 2018 1388 2071 illam,
1402 2016 1467 2062 sed
1479 2032 1645 2080 propter
1655 2021 1842 2073 rationes,
1857 2037 1957 2081 quas
1969 2022 2087 2065 nobis
2100 2022 2270 2083 Spiritus

423 2096 546 2146 Musa,
658 2083 700 2125 8.
723 2083 766 2125 in
789 2083 990 2145 Scriptura
1003 2084 1042 2128 S.
1053 2081 1245 2130 ostendit.
1279 2085 1390 2128 Sicut
1401 2085 1522 2129 etiam
1535 2082 1585 2129 ad
1598 2085 1778 2130 veritates
1790 2087 1984 2131 naturales
1994 2084 2265 2148 percipiendas

439 2142 443 2143 ⁷
655 2148 878 2206 requiritur
888 2150 1028 2193 lumen
1040 2149 1205 2193 rationis
1221 2165 1234 2200 3
1259 2146 1324 2193 sed
1335 2146 1444 2194 istud
1454 2149 1595 2194 lumen
1606 2165 1692 2194 non
1705 2149 1762 2195 est
1786 2165 2074 2212 argumentum
2088 2154 2130 2195 &
2141 2152 2263 2208 ratio,
2339 2164 2346 2206 ξ

655 2227 729 2256 cur
751 2210 847 2258 huic
869 2215 933 2260 vel
954 2214 1012 2258 illi
1034 2215 1191 2261 veritati
1204 2210 1479 2266 affentiamur,
1508 2211 1574 2260 sed
1582 2211 1666 2259 hoc
1675 2213 1865 2278 praestant
1875 2218 2048 2262 rationes
2060 2232 2110 2261 ex
2121 2216 2266 2264 natura‘i
2338 2218 2343 2246 ³

653 2278 710 2324 rei
723 2275 929 2325 desumtae.
2353 2322 2359 2326 s

721 2345 885 2390 XVIII.
903 2345 1072 2407 Duplex
1094 2361 1192 2408 ergo
1204 2344 1261 2391 est
1271 2398 1274 2400 v
1283 2345 1394 2390 cauia
1416 2344 1676 2407 persuafionis
1697 2344 1845 2393 nostrae
1866 2345 1917 2392 de
1940 2344 2151 2393 divinitate
2163 2349 2269 2393 Scri·
2336 2370 2339 2398 ς

649 2420 784 2470 Ρωῑεε
801 2428 810 2454 :
836 2408 867 2454 fi
880 2410 1025 2473 spectes
1037 2411 1283 2474 principium
1295 2409 1518 2456 doctrinale
1534 2409 1656 2466 fidei,
1670 2414 1711 2457 in
1724 2429 1852 2472 quam
1866 2410 1964 2458 fides
1992 2413 2028 2457 se
2041 2413 2191 2458 ultimo
2203 2428 2267 2458 re·
2335 2426 2338 2434 ’

651 2474 776 2518 solvit
788 2509 800 2528 ‚
823 2474 926 2523 illud
948 2475 1005 2521 est
1030 2478 1229 2538 Scriptura
1241 2476 1320 2538 ipsa
1330 2511 1342 2527 ,
1373 2481 1415 2521 &
1428 2478 1510 2522 Dei
1522 2478 1563 2520 in
1576 2477 1622 2522 ea
1643 2479 1848 2538 loquentis
1860 2479 2075 2523 auctoritas
2088 2512 2101 2530 ‚
2136 2494 2265 2538 quam
2333 2480 2336 2535 ζ

652 2554 705 2583 ex
718 2538 938 2586 certissimis
950 2543 1061 2590 notis
1072 2542 1325 2605 agnoscimus
1342 2560 1351 2586 :
1366 2540 1396 2587 fi
1408 2542 1564 2587 causam
1576 2541 1660 2601 ejus
1671 2541 1916 2592 efficientem
1929 2541 2264 2605 confideres,quae

646 2604 795 2651 actum
806 2604 992 2656 credendi
1002 2609 1047 2658 in
1058 2607 1178 2655 nobis
1188 2605 1395 2674 producit,
1406 2623 1450 2654 ea
1460 2605 1517 2655 est
1529 2610 1595 2671 Sp.
1609 2611 1649 2655 S.

2009 2675 2127 2742 XIX:
2155 2674 2269 2739 Nur
