2116 2901
1725 79 1728 80 ⁷
2059 57 2116 91 ἰὶ

274 194 279 201 ..
416 136 500 184 232
793 130 975 177 L113.
1034 123 1073 168 Ι.
1131 122 1432 166 CAPUT
1491 110 1663 160 XLI.
2069 97 2097 117 ⁸²

200 216 351 284 fiQm
411 229 606 278 „nuperus
627 208 812 273 Phyficae
836 205 888 253 ad
911 203 1086 252 verbum
1110 201 1195 248 Dei
1222 197 1452 244 reformatae
1477 195 1646 257 scriptor
1667 187 1884 237 renovavit
1906 200 1924 243 *‚
1966 186 2085 245 dar&

200 269 591 357 tfflffssigfnundi,
602 278 729 324 veluti
745 273 959 322 animantis
971 265 1199 328 cujusdam,
1218 277 1490 310 communem
1506 256 1717 321 quandam
1733 258 1912 302 animam
1928 269 1970 298 ac
1984 269 2077 310 naq,
2087 299 2097 307 f

209 345 375 423 comnglzfm
427 360 566 392 'turam
592 341 857 389 universalem
871 373 883 393 ‚
912 346 1011 398 'quae
1038 335 1183 380 intima
1207 332 1274 376 sua
1289 328 1494 392 praesentia
1507 327 1627 371 illum
1638 337 1781 370 totum
1797 332 1986 384 permeet,
2010 323 2085 373 δερ.

210 401 311 480 Ζ-ἴλ
324 400 386 486 ἕ
432 427 498 458 tot
521 425 747 473 corporum
773 419 902 469 partes
916 420 959 449 ac
973 400 1142 447 diversas
1154 411 1314 443 naturas
1325 393 1580 457 particulares
1597 405 1743 436 arcano
1758 403 1867 433 nexu
1879 386 2062 447 colliget,

212 507 345 532 mrum
368 509 412 532 u-
434 493 560 537 atque
575 470 843 521 incommoda
857 469 1000 516 omnia
1016 471 1057 512 &
1072 463 1233 511 adversa
1245 457 1522 524 potentissime
1536 458 1599 503 vel
1613 457 1714 502 vitet
1724 455 1789 500 vel
1801 453 1932 499 tollat.
1960 452 2066 503 Ma-¹

212 549 379 600 niversala'.
435 542 630 589 nifestum
658 542 771 586 enim
795 535 852 583 est
865 570 878 591 ‚
913 530 1124 581 mundum
1140 545 1227 575 non
1240 523 1314 572 effe
1335 539 1476 573 totum
1492 525 1720 570 animatum
1733 553 1746 575 ‚
1772 516 1838 564 sed
1851 534 1922 580 per
1931 529 2056 579 partes

438 607 633 671 quasdam
659 605 856 652 duntaxat
869 637 882 658 ‚
919 617 1012 661 quae
1022 598 1060 644 se
1075 598 1186 642 ultro
1200 591 1383 639 offerunt
1395 597 1436 637 &
1450 591 1472 636 ὲ
1483 589 1648 650 reliquis
1671 584 1838 631 diversae
1851 595 2051 646 apparent.

436 679 528 722 Nec
553 676 688 719 anima
712 672 846 730 aliqua
873 681 941 713 aut
967 678 1111 711 natura
1123 660 1334 725 spiritualis
1347 657 1516 720 cogitari
1539 651 1674 717 potest
1688 652 1761 696 alia
1773 648 2058 711 quamintelli.

433 756 532 804 gens
545 775 556 791 ,
595 739 723 799 qualis
744 734 967 782 hominum
984 731 1047 776 vel
1061 729 1305 791 angelorum
1317 723 1389 777 est,
1416 740 1509 783 quae
1523 723 1565 766 in
1578 718 1789 783 praecipuis
1810 711 1958 760 mundi
1970 729 2059 776 par-

437 807 549 852 tibus
562 821 647 849 non
663 814 822 865 apparet
834 817 845 851 3
864 797 974 845 unde
985 812 1057 842 nec
1073 796 1148 840 illis
1160 794 1319 856 spiritus
1330 791 1418 837 talis
1440 785 1677 834 communis
1692 777 1973 829 adscribendus
1986 777 2056 826 est.

436 875 536 917 Imo
549 887 599 916 ne
616 867 786 931 quidem
801 867 881 911 ulla
895 862 1059 928 proprie
1073 858 1193 906 datur
1204 857 1340 904 forma
1355 855 1531 901 materiae
1546 852 1595 897 ab
1609 866 1653 896 ea
1667 847 1922 901 distin&a,ut
1934 846 2069 908 vulgo,

437 938 693 998 concipitur,
732 931 798 978 sed
821 931 957 977 forma
982 924 1196 981 cujussibet
1218 925 1274 969 rei
1285 921 1343 968 est
1356 919 1440 979 ejus
1450 915 1632 968 effentia;
1661 915 1799 961 multo
1816 913 1952 959 minus
1975 911 2058 958 talis

435 1002 574 1049 forma
604 997 779 1046 universi
806 998 857 1043 ab
869 996 954 1059 ipso
968 990 1131 1039 mundo
1146 988 1336 1036 distin&a
1348 979 1644 1032 introducenda
1656 979 1727 1027 est.
1765 979 1962 1038 Denique
1974 991 2058 1022 non

439 1067 524 1113 fine
536 1067 692 1130 probro
708 1070 751 1110 &
764 1062 910 1123 injuria
922 1063 964 1106 in
978 1063 1122 1106 Deum
1135 1055 1269 1119 ipsum
1282 1055 1451 1117 ponitur
1462 1051 1550 1096 talis
1566 1049 1714 1101 anima,
1740 1062 1833 1105 quae
1847 1044 1927 1089 toti
1939 1058 2059 1089 mun-

437 1131 498 1178 do
514 1132 753 1192 cunctisque
766 1129 850 1188 ejus
863 1126 1042 1190 partibus
1053 1122 1180 1169 infusa
1193 1156 1206 1176 ‚
1241 1136 1285 1166 ac
1299 1133 1451 1181 magno
1464 1116 1500 1162 se
1514 1129 1684 1177 corpore
1698 1111 1880 1165 miscens,
1905 1110 2057 1156 molem

365 1235 371 1243 i
436 1198 558 1246 istam
584 1199 786 1244 continuo
814 1195 935 1255 agitet
946 1227 959 1247 ‚
997 1195 1040 1237 &
1054 1189 1136 1236 Dei
1150 1185 1272 1250 ipsius
1284 1187 1386 1230 vices
1399 1218 1412 1238 ‚
1447 1198 1544 1228 cum
1557 1182 1598 1225 in
1611 1178 1742 1242 prima
1755 1193 1893 1223 rerum
1907 1173 2058 1238 produ·
2115 1190 2116 1193 ¹

438 1267 580 1311 &tione
594 1298 606 1319 ‚
619 1262 742 1308 instar
754 1260 857 1307 fabri
879 1257 1010 1315 (hunc
1022 1257 1131 1301 enim
1144 1252 1270 1298 istum
1285 1251 1483 1313 Spiritum
1497 1248 1645 1292 volunt
1657 1241 1731 1290 effe
1751 1278 1762 1299 ‚
1787 1241 1838 1289 de
1848 1258 1936 1303 quo
1947 1242 2057 1290 Gen.

437 1347 458 1378 1
469 1347 523 1376 :2-
557 1335 726 1392 Spiritns
751 1331 830 1373 Dei
844 1323 1058 1387 ferebatur
1074 1318 1196 1383 staper
1207 1321 1372 1380 aquis.)
1410 1328 1503 1360 tum
1515 1314 1557 1358 in
1571 1308 1811 1372 quotidiana
1823 1305 1969 1354 mundi
1983 1322 2057 1369 gu-

435 1396 676 1442 bernatione
699 1393 898 1455 suppleat3
929 1393 1046 1435 Deus
1071 1388 1181 1431 enim
1192 1382 1270 1446 ipse
1286 1379 1479 1428 conditor
1492 1393 1615 1439 atque
1626 1374 1769 1422 artifex
1781 1373 1903 1434 hujus
1915 1369 2058 1419 mundi

436 1459 496 1507 est
510 1495 522 1515 ,
557 1460 746 1521 solusque
760 1456 957 1503 omnibus
968 1454 1086 1499 rebus
1098 1451 1264 1514 praesens
1275 1445 1383 1494 adest
1399 1480 1412 1500 ,
1442 1461 1516 1491 nec
1528 1445 1596 1490 tali
1609 1442 1790 1488 auxiliari
1801 1441 1941 1503 spiritu
1956 1453 2057 1502 opus

437 1525 572 1572 habet.
611 1529 681 1574 Ut
705 1525 859 1584 reliqua
881 1520 1082 1567 sententiae
1108 1515 1220 1562 istius
1243 1510 1567 1559 incommoda&
1581 1506 1777 1555 dedecora
1801 1519 2054 1569 praeteream:

438 1607 538 1638 nam
552 1591 739 1654 spiritum
766 1587 877 1634 hunc
890 1604 960 1651 per
971 1585 1113 1631 omnia
1124 1580 1300 1645 sparsum
1314 1596 1390 1642 pro
1403 1578 1520 1623 variis
1534 1591 1671 1621 rerum
1687 1573 1887 1636 speciebus
1900 1571 2054 1618 varium

436 1672 606 1722 ponunt
618 1693 631 1710 ,
670 1658 759 1703 imo
774 1659 817 1701 δε
830 1656 1011 1700 animam
1023 1650 1249 1696 humanam
1262 1644 1354 1691 inde
1367 1643 1595 1706 decerptam
1609 1639 1724 1701 ajunt
1736 1674 1749 1695 ,
1784 1655 1913 1700 quam
1926 1633 2050 1700 gradu

437 1722 643 1770 duntaxat
670 1722 814 1769 animis
834 1721 1057 1766 brutorum
1071 1715 1318 1777 superiorem
1331 1709 1529 1763 statuunt,
1554 1710 1608 1754 ita
1621 1721 1667 1753 ut
1681 1706 1840 1770 spiritus
1853 1702 2052 1756 naturalis,

440 1790 777 1845 vitalis‚animalis
788 1792 829 1833 δε
843 1786 1028 1833 mentalis
1041 1781 1120 1829 sint
1132 1778 1243 1828 idem
1255 1779 1320 1826 ille
1332 1774 1479 1824 mundi
1491 1775 1648 1840 spiritus
1660 1807 1674 1829 ,
1682 1772 1865 1837 puritatis
1877 1771 1919 1816 &
1934 1765 2056 1833 perse-3
2102 1801 2103 1804 η

214 1911 223 1921 ,
343 1912 349 1923 Ι
438 1856 588 1902 &tionis
599 1852 729 1917 gradu
742 1869 906 1901 tantum
921 1848 1165 1898 differentes.

216 1913 348 2008 {mnd‘
507 1924 732 1967 XXXVII.
770 1918 985 1977 Adjuneta
1008 1913 1157 1961 mundi
1179 1911 1271 1958 sunt
1297 1930 1326 1957 1.
1341 1908 1528 1957 Finitudo
1543 1943 1555 1964 ‚
1581 1924 1676 1970 quae
1688 1899 2055 1965 varieintelligiturss

260 1981 365 2008 mr-
441 1986 575 2037 Aliud
598 1985 655 2031 est
680 1988 790 2031 enim
816 1984 1028 2030 infinitum
1040 2016 1052 2036 ‚
1096 1978 1207 2027 aliud
1219 1975 1484 2024 indefinitum
1500 1995 1510 2021 :
1541 1989 1664 2036 atque
1687 1970 1902 2019 infinitum
1914 1967 2054 2020 rursm,

219 2033 358 2063 TUDO‘
440 2050 550 2098 aliud
579 2051 636 2097 est
649 2051 909 2114 perfectione,
924 2066 970 2096 ut
982 2049 1088 2095 solus
1100 2051 1216 2095 Deus
1237 2061 1249 2097 3
1264 2041 1374 2090 aliud
1388 2044 1515 2097 mole,
1531 2039 1612 2087 five
1624 2038 1856 2087 extensione
1868 2069 1882 2092 ,
1907 2033 1957 2082 de
1968 2046 2054 2096 quo

214 2170 223 2178 .
310 2171 317 2181 .
440 2133 603 2181 proprie
618 2132 829 2178 qtiaeritur.

206 2171 402 2278 Jffitgnde’
507 2186 753 2230 XXXVIII.
789 2187 933 2243 Atque
950 2179 1031 2227 hoc
1045 2179 1171 2236 sensu,
1188 2175 1398 2225 mundum
1412 2172 1531 2238 quod
1546 2175 1687 2220 attinet
1699 2208 1712 2225 ,
1753 2164 1982 2218 statuendus
1990 2164 2052 2211 ille

318 2255 326 2266 '
373 2288 376 2289 γ
440 2249 498 2295 est
523 2247 782 2301 indefinitus,
824 2246 866 2293 h.
896 2265 930 2293 e.
964 2249 1051 2292 talis
1075 2248 1117 2292 in
1142 2262 1230 2306 quo
1259 2260 1335 2289 nos
1349 2243 1484 2287 nullos
1496 2241 1695 2286 terminos
1708 2231 1997 2300 deprehendere
2009 2243 2050 2275 ac

438 2315 646 2360 intellectu
660 2316 870 2376 concipere
883 2309 1109 2375 poss'umus.
1143 2317 1186 2356 St
1201 2307 1543 2367 mensurabuntur
1555 2302 1811 2368 coelz‘supernk
1825 2336 1838 2357 ,
1864 2307 1910 2355 ὠ
1917 2311 2053 2362 perve-

433 2381 535 2445 stigat
544 2379 694 2426 lmntm·
694 2381 973 2440 fundamenta
987 2394 1096 2424 terrae
1108 2379 1219 2439 infra
1232 2393 1244 2428 ;
1259 2383 1380 2421 etiam
1394 2392 1456 2439 ego
1470 2376 1650 2435 rejiciam
1665 2388 1780 2416 omne
1781 2366 1916 2426 stmen
1929 2361 1987 2422 Ifl‘
2017 2363 2052 2399 '‘-

437 2449 488 2496 lis„
499 2450 576 2490 &Q
606 2446 690 2506 Jer.
710 2463 772 2506 31:
792 2462 856 2507 37.
895 2442 1014 2505 quod
1028 2460 1115 2489 non
1128 2460 1177 2488 ex
1193 2442 1338 2487 mentis
1351 2438 1542 2484 humanae
1557 2436 1829 2482 imbecillitate
1846 2432 1908 2478 vel
1921 2431 2058 2490 impo-.

438 2511 564 2556 tentia
577 2509 844 2571 proficiscitur
857 2545 868 2562 ,
908 2509 973 2555 sed
990 2527 1038 2554 ex
1052 2507 1231 2571 positivo
1244 2518 1459 2567 conceptu,
1475 2520 1563 2565 quo
1576 2505 1699 2549 talem
1713 2497 1862 2548 mundi
1873 2494 1999 2542 ideam
2009 2491 2050 2536 in

356 2607 362 2622 -.
408 2646 411 2649 ῃ
438 2576 557 2622 nobis
571 2579 805 2640 experimur
818 2610 831 2635 ,
845 2589 891 2633 ut
905 2577 1041 2626 nullos
1053 2574 1362 2631 ineaterminos
1373 2571 1494 2622 nobis
1504 2569 1715 2634 imaginari
1727 2562 1832 2631 poffi
1840 2577 1952 2615 mus,
1989 2550 2050 2603 sed

1943 2636 2046 2687 (ΙΨ)
