2116 2901
409 157 663 203 110¹-
804 120 1659 178 L113.I.CA1’u·rXIX.
2018 139 2116 173 =÷

415 229 672 287 loquuntur3
699 237 787 283 quo
811 222 852 265 in
877 234 1052 265 numero
1074 228 1237 280 ponunt
1258 214 1391 276 ipsum
1416 211 1615 273 Spiritum
1636 208 1677 251 S.
1701 218 1829 265 quem
1860 216 1947 247 non
1957 198 2031 250 effa

417 296 562 338 Deum
586 290 718 353 ipsum
741 322 752 343 ‚
780 284 846 331 sed
868 281 1025 345 aliquid
1049 283 1098 328 ab
1110 298 1159 326 eo
1175 279 1381 326 diversum
1395 312 1407 332 ,
1431 276 1499 322 seu
1526 273 1696 320 tertium
1717 271 1822 317 inter
1833 272 1977 315 Deum
1987 262 2055 315 &2²72

418 371 655 409 creaturam,
667 359 709 399 &
722 353 848 400 veluti
860 352 1107 398 attributum
1118 347 1217 406 ejus,
1230 344 1424 391 statuunt.
2034 322 2048 340 ³

205 437 287 471 Non
297 430 393 480 diffe-
483 425 606 470 VIII.
639 424 756 466 Cum
769 432 904 465 autem
917 417 1054 461 omnis
1065 429 1201 460 rerum
1213 410 1424 457 distinctio
1436 407 1582 469 triplex
1595 402 1645 449 fit
1658 437 1669 458 ,
1683 402 1876 454 maxima,
1889 397 2041 459 media,

205 502 284 525 ’ΜΖ
303 488 345 548 Α)
393 540 399 546 ,
420 493 463 534 &
487 489 658 533 minima
671 520 683 539 ,
705 488 823 531 realis
847 484 1046 527 nimirum
1059 515 1071 534 ,
1095 477 1261 524 modalis
1274 481 1315 521 δε
1330 481 1493 521 rationis
1507 505 1519 526 ‚
1544 471 1738 517 attributa
1750 469 1832 513 Dei
1844 467 2030 513 realiter&

204 542 332 633 ‘'ffiJJ'm
340 544 398 612 ’,Μ
420 558 518 600 Deo
530 568 614 598 non
630 549 842 605 differunt,
855 565 989 609 neque
1001 548 1051 593 ab
1063 542 1222 591 effentia
1233 542 1321 602 ejus
1336 538 1439 602 quid
1451 536 1655 583 diversum
1668 535 1773 579 sunt.
1798 537 1914 578 Cum
1928 531 2032 581 enim

206 611 261 633 ’Μ
277 608 360 642 “e''
422 616 579 665 essentia
603 619 685 663 Dei
708 632 879 662 omnem
903 613 1196 677 perfectionem
1220 605 1449 670 possibilem
1471 600 1675 654 includat,
1697 615 1784 645 non
1797 594 1959 661 possum
1971 611 2035 658 per

423 687 550 730 ullam
567 684 712 728 mentis
723 683 1002 745 operationem
1018 674 1188 739 aliquod
1200 676 1283 720 Dei
1296 671 1539 719 attributum
1554 668 1604 712 ab
1615 682 1665 711 eo
1678 663 2040 726 dIstinguerQquin

424 750 560 797 statim
584 747 672 794 idea
694 750 777 794 Dei
806 745 908 793 mihi
933 757 1088 808 pereat:
1115 756 1247 801 neque
1264 740 1373 783 enim
1386 730 1550 798 possum
1561 747 1707 778 verum
1720 728 1770 775 de
1784 733 1886 775 Deo
1900 742 2037 773 conce-

425 831 546 879 ptum
572 814 750 860 formare
763 848 775 867 ,
800 816 843 859 in
857 828 945 872 quo
959 816 1075 858 Deus
1088 808 1333 868 intelligatur
1344 820 1407 848 ex.
1420 818 1480 865 gr.
1494 795 1740 857 sinejustitia
1750 828 1763 848 ,
1778 791 1987 839 clementia
1997 797 2037 838 &

424 878 697 927 misericordia
719 876 814 929 effe3
844 877 945 923 ficut
969 892 1112 922 verum
1137 871 1318 918 hominis
1329 879 1575 929 conceptum
1587 863 1764 909 formare
1776 857 1954 923 polium,
1967 858 2037 920 qui

426 960 562 992 tamen
577 961 663 990 non
677 944 725 991 fit
738 943 881 1003 justus,
894 944 1066 989 clemens
1078 945 1156 986 &c.

494 1017 515 1057 Ι
530 1016 580 1058 X.
618 1012 809 1057 Similiter
820 1026 917 1056 cum
930 1026 1002 1054 nec
1013 1024 1075 1052 ex.
1091 1022 1150 1068 gr.
1172 1001 1370 1062 justitiam
1381 999 1464 1046 Dei
1477 997 1653 1059 cogitare
1667 989 1816 1056 poffim
1829 1024 1842 1045 ,
1859 1006 1951 1051 quae
1963 987 2040 1036 fine

429 1079 640 1124 clementia
663 1083 705 1124 &
718 1073 994 1123 misericordia
1006 1074 1048 1118 in
1060 1076 1157 1118 Deo
1171 1068 1219 1114 sit
1234 1103 1246 1120 ‚
1263 1065 1381 1127 quod
1392 1079 1528 1111 tamen
1541 1064 1582 1106 in
1596 1074 1772 1106 creatura
1785 1054 1888 1102 mihi
1899 1056 2042 1120 procli.

431 1160 482 1188 ve
493 1142 572 1197 est3
594 1156 700 1207 patet
714 1143 904 1189 attributa
916 1141 997 1187 Dei
1010 1153 1143 1199 neque
1154 1136 1275 1180 etiam
1291 1134 1394 1177 inter
1406 1131 1442 1175 se
1455 1129 1607 1174 realiter
1618 1124 1825 1186 distingui.

216 1240 272 1264 mc
294 1223 413 1263 moda·
499 1211 553 1254 X·
587 1214 739 1270 Neque
750 1210 871 1254 etiam
884 1207 1093 1252 modaliter
1105 1202 1155 1247 ab
1165 1197 1324 1246 essentia
1335 1199 1417 1243 Dei
1431 1192 1626 1241 differunt
1639 1208 1649 1242 ;
1680 1190 1733 1236 sic
1745 1189 1909 1235 enimin
1921 1188 1964 1233 ea
1977 1185 2042 1233 da.
2095 1222 2100 1247 ,
2114 1237 2116 1248 Ι

216 1281 313 1324 litem
434 1289 545 1321 retur
556 1278 740 1329 variatio,
764 1271 1019 1336 imperfectio
1034 1304 1047 1325 ‚
1060 1267 1239 1314 alteratio
1252 1269 1294 1309 &
1307 1264 1415 1309 varia
1427 1257 1686 1306 modificatio
1701 1275 1711 1301 t
1736 1272 1829 1317 quae
1855 1251 1951 1300 ideae
1966 1253 2043 1300 Dei

434 1355 674 1405 repugnant.

210 1411 411 1465 fidffildra-
502 1411 541 1452 X
555 1412 590 1453 I.
626 1408 718 1453 Sola
741 1422 838 1467 ergo
862 1411 1014 1449 ratione
1038 1397 1257 1447 differunt,
1288 1408 1487 1455 quatenus
1511 1391 1711 1436 nimirum
1735 1403 1805 1450 per
1826 1385 1971 1433 mentis
1982 1383 2045 1432 ab·

221 1472 314 1519 “We
437 1469 701 1519 {tractionem
713 1472 957 1516 attributum
971 1463 1141 1527 aliquod
1153 1465 1235 1509 Dei
1248 1457 1412 1523 polsum
1437 1455 1685 1503 considerare
1709 1469 1795 1497 non
1809 1449 2046 1497 confiderata
2096 1481 2116 1496 ,-

437 1536 596 1583 effentia
609 1537 759 1591 divina,
776 1537 840 1581 vel
853 1550 985 1580 unum
998 1534 1119 1578 etiam
1131 1528 1376 1574 attributum
1389 1540 1475 1569 non
1489 1518 1742 1569 considerato
1756 1520 1894 1567 alterO,
1911 1533 1972 1561 eX.
1986 1531 2041 1578 gr.

434 1603 633 1661 justitiam
656 1604 738 1650 Dei
762 1618 849 1646 non
873 1597 1122 1645 confiderata
1135 1594 1219 1655 ejus
1231 1588 1500 1637 misericordia
1514 1593 1554 1633 δέ
1568 1589 1653 1632 vice
1666 1590 1785 1630 versa.
1819 1586 1926 1627 Non
1938 1577 2048 1641 quod

439 1668 691 1714 considerem
715 1664 918 1713 essentiam
942 1665 1027 1711 Dei
1050 1660 1214 1707 existere
1237 1654 1346 1720 posse
1359 1654 1440 1701 sine
1452 1656 1541 1707 illis,
1565 1666 1633 1698 aut
1647 1666 1779 1695 unum
1792 1664 1935 1693 eorum
1947 1641 2048 1709 poss‘e

440 1732 516 1780 effe
529 1734 611 1780 fine
623 1736 764 1787 altero,
778 1732 831 1777 s1c
843 1733 953 1777 enim
966 1729 1152 1791 protinus
1164 1723 1297 1770 ideam
1310 1723 1391 1769 Dei
1406 1733 1711 1780 corrumperem
1725 1749 1737 1768 ,
1766 1728 1887 1774 atque
1900 1729 1942 1757 ea
1953 1709 2048 1756 mihi

442 1803 610 1863 periret3
637 1798 701 1844 sed
723 1814 793 1861 per
804 1794 1081 1861 praecisionem
1095 1792 1239 1837 mentis
1253 1787 1476 1850 simplicem
1490 1791 1531 1830 Ee
1543 1783 1828 1829 abstracftivam
1843 1795 1886 1823 ea
1896 1790 2048 1823 tantum

444 1866 596 1929 separo,
610 1879 732 1925 atque
744 1879 878 1908 unum
890 1858 1102 1907 confidero
1116 1873 1200 1902 non
1215 1851 1468 1899 confidcrato
1482 1853 1576 1896 alio.

228 1940 316 1980 'Illius
340 1939 400 1977 di-
513 1936 552 1978 X
565 1936 585 1976 I
598 1935 632 1976 I.
668 1927 1003 1976 Fundamentum
1028 1923 1150 1979 hujus
1176 1919 1448 1966 distinctionis
1458 1915 1515 1961 est
1528 1916 1674 1977 partim
1688 1915 1728 1957 in
1742 1911 1860 1956 nobis
1873 1943 1885 1964 ‚
1912 1907 2050 1972 partim

223 1995 397 2037 stmffl'mss
448 2011 560 2044 extra
583 2012 679 2041 nos:
705 1997 747 2040 in
761 1994 878 2039 nobis
891 2027 902 2045 ‚
931 1988 1186 2053 imperfectio
1199 1986 1422 2031 intellenfftus
1434 1983 1551 2028 creati
1564 1996 1650 2025 non
1673 1978 1841 2023 valentis
1853 1971 2050 2034 adaequate
2096 1987 2097 1990 ’

221 2050 255 2099 f
248 2052 355 2087 unda·
448 2067 592 2110 Deum
615 2060 780 2121 ejusque
802 2058 1093 2122 perfectionem
1118 2054 1326 2113 concipere
1341 2070 1351 2095 z
1377 2062 1487 2094 extra
1499 2063 1574 2091 nos
1587 2080 1598 2099 ‚
1626 2059 1718 2090 tum
1731 2040 1900 2087 effentiae
1913 2039 2050 2085 divinae
2091 2058 2094 2078 ι

229 2116 392 2143 ‘mamm‘
448 2126 710 2180 immensitas,
723 2142 815 2185 quae
829 2126 908 2178 illa,
923 2140 1015 2183 quae
1029 2123 1071 2165 in
1083 2120 1270 2165 creaturis
1282 2114 1446 2178 dispersa
1459 2117 1500 2158 &
1515 2111 1637 2157 divisa
1650 2108 1915 2171 conspicimus
1927 2140 1939 2159 ,
1964 2101 2052 2150 infi-

449 2197 533 2240 nita
545 2194 611 2239 sua
623 2191 869 2255 perfectione
880 2187 1167 2250 complectitur
1178 2201 1189 2235 3
1204 2196 1296 2227 tum
1309 2174 1815 2240 objectorun1‚e:ffe6tuu1n
1834 2186 1953 2233 atque
1964 2184 2057 2233 ope-¹

447 2261 658 2306 rationum
671 2256 906 2302 divinarum
919 2251 1137 2298 diversitas.

516 2328 636 2370 XIII.
671 2323 785 2368 Hinc
807 2338 851 2365 ea
873 2317 1036 2364 diversis
1060 2314 1319 2377 conceptibus
1331 2310 1568 2358 formalibus
1581 2307 1833 2368 concipimus
1845 2337 1858 2357 ‚
1883 2299 2052 2362 quibus}

449 2404 561 2455 parte
574 2390 629 2446 rei
639 2384 883 2450 respondent
895 2382 1038 2430 diversi
1053 2394 1269 2443 conceptus
1281 2378 1471 2438 objectivi
1486 2392 1497 2426 3
1526 2376 1600 2435 qui
1613 2375 1703 2417 licet
1717 2373 1809 2416 actu
1824 2371 1864 2413 in
1878 2372 1971 2414 Deo
1984 2364 2054 2413 sint

453 2453 618 2501 indivifi
642 2488 654 2508 ,
679 2454 901 2497 eminenter
923 2463 1059 2495 tamen
1083 2452 1124 2493 ὃς
1138 2446 1360 2491 virtualiter
1383 2441 1562 2500 distineri
1575 2439 1678 2483 fiant.
1716 2433 1848 2482 Unde
1861 2436 1980 2479 etiam
2001 2443 2054 2477 at-
2108 2462 2112 2471 .

456 2522 610 2567 tributa
633 2520 715 2565 Dei
737 2516 976 2562 definitione
1001 2511 1197 2558 differunt
1222 2546 1234 2565 ,
1285 2523 1482 2570 quatenus
1504 2507 1702 2551 nimirum
1728 2500 1879 2547 habent
1901 2495 2054 2544 diversas

456 2587 719 2633 formalitates
731 2618 743 2635 ‚
781 2580 885 2627 dum
909 2580 1132 2625 intellectus
1156 2575 1207 2621 ad
1230 2577 1348 2620 aliam
1372 2575 1572 2621 rationem
1596 2569 1812 2616 formalem
1837 2560 2000 2610 attendit
2016 2561 2054 2606 in

459 2665 659 2714 conceptu
670 2651 789 2697 unius
802 2648 1132 2706 attributi,quam
1146 2643 1317 2689 alterius.
1831 2633 1948 2680 XIV.
1960 2630 2053 2690 Non
