2116 2901
332 142 1353 196 D11v1na-ur1ssusD12r4
1592 150 1670 213 {39

42 231 228 300 *peccator
249 246 384 279 autem
397 234 418 278 a
431 235 527 280 Deo
540 233 761 298 segregatus
786 233 836 280 ad
850 246 952 279 eum
965 232 1144 279 accedere
1157 268 1170 288 ,
1195 239 1238 280 δε
1250 235 1594 281 communionem
1607 238 1666 281 sui

50 313 143 347 cu'm
156 304 250 347 Deo
262 296 478 344 instaurare
490 314 576 344 non
591 297 713 362 possit
725 334 737 354 ‚
750 316 894 344 verum
909 301 949 344 in
967 311 1166 344 aeternum
1180 316 1336 362 peccare
1353 314 1490 363 pergat
1502 336 1514 351 ,
1536 301 1666 345 neces:-

6 407 7 410 ,
50 365 148 413 sario
161 379 331 426 quoque
342 366 383 408 in
396 377 597 409 aeternum
612 364 661 409 ab
675 381 724 409 eo
739 365 933 426 separatus
943 399 955 418 ,
975 368 1017 409 &
1029 363 1190 422 justitia:
1204 363 1287 425 ejus
1300 361 1451 411 vindici
1464 364 1685 425 subjeffitus-

47 435 208 479 manere
227 427 388 474 debebit
401 463 413 482 ‚
437 445 486 473 ex
499 446 580 490 qua
593 431 760 475 eluetari
774 445 989 491 nunquam
1004 432 1153 491 poterit
1167 464 1178 483 ,
1195 446 1293 475 cum
1310 429 1502 476 idoneam
1517 430 1663 476 satisfa-

48 497 225 544 &ionem
237 493 420 557 praestare
431 509 648 555 nunquam
662 495 741 557 ipse
752 493 888 557 poffit.
924 494 1010 539 vbi
1023 503 1171 540 vermis
1183 514 1320 541 eorum
1332 514 1408 540 non
1421 503 1559 541 interit
1571 530 1582 547 ‚
1612 502 1662 548 &-

45 569 140 627 ignis
162 579 236 606 non
259 567 520 622 extinguitur.
576 563 710 605 Rlarc.
737 579 782 617 9:
808 577 874 621 43.
924 563 1075 621 Conjic‘i
1097 568 1138 604 in
1160 571 1292 622 ignem
1313 563 1426 605 illum
1456 576 1657 606 aternum.

47 625 199 674 Matth.
218 626 283 671 1'8:
301 625 340 672 8.
371 629 623 688 Qipoenam
630 625 803 688 pendent
815 634 944 671 aeterni
956 633 1080 677 cmlii,
1104 643 1132 669 a
1144 627 1252 685 facie
1263 630 1431 671 Domini
1447 659 1459 679 ,
1473 629 1660 688 &gloria

47 701 195 739 virium
217 692 342 753 ipfius.
359 714 363 717 <
383 707 421 735 2.
435 687 575 735 Thess.
594 707 629 736 1:
645 707 687 748 9.
714 693 766 737 ita
788 706 941 742 tamen,
962 704 1009 736 ut
1031 689 1175 736 diversi
1190 706 1408 753 poenarum
1422 689 1568 753 gradus
1581 707 1661 753 pro

3 798 5 803 .
47 757 178 805 delicti
190 757 381 819 gravitate
393 756 534 801 locum
546 753 718 801 habeant
731 773 741 808 ;
770 773 863 817 quae
876 770 1012 802 tamen
1024 756 1046 801 a
1057 757 1214 802 ratione
1224 753 1404 802 humana
1415 754 1577 802 definiri
1589 769 1660 802 aut

47 821 297 870 determinari
310 821 426 866 nullo
441 819 572 866 modo
585 819 763 883 possunt.

108 891 264 935 XXIV.
289 891 436 947 Atque
458 884 553 932 hinc
577 901 684 948 patet
707 885 917 933 discrimen
930 889 1034 933 inter
1037 887 1240 949 justitiam
1252 885 1480 932 humanam
1493 893 1540 941 «ῤ’
1553 887 1658 933 divi·
1681 899 1864 938 Discrimw

48 972 141 1001 nam
153 975 167 1000 .-
192 952 262 999 ets1
286 954 397 998 enim
419 950 610 997 homines
634 954 756 998 etiam
779 969 830 998 ex
854 952 1005 1011 justitia
1027 955 1197 1015 puniant
1209 986 1221 1006 ‚
1246 968 1387 1000 ‘tamen
1413 953 1489 1008 illi„
1492 955 1659 1016 proprie
1679 954 1760 1016 iltius
1773 953 1867 1001 aju-

47 1021 237 1066 damnum
255 1032 421 1064 ‘tantum
446 1033 516 1079 per
539 1031 789 1079 peccatorem
814 1020 973 1064 illatum
999 1017 1253 1064 considerant
1280 1024 1299 1074 (
1302 1017 1383 1064 five
1401 1018 1507 1063 villud
1520 1020 1658 1079 sequa-
1676 1008 1769 1053 ΨΜ
1783 1007 1851 1044 ¹⁷⁹⁸·

49 1096 115 1130 tur
125 1102 172 1130 ex
186 1084 327 1130 natura
340 1081 461 1145 ipsius
472 1081 624 1136 defleti,
648 1084 767 1144 quale
778 1082 836 1129 est
848 1099 911 1129 ex.
924 1101 984 1146 gr.
998 1085 1258 1129 latrocinium
1272 1118 1284 1138 ‚
1299 1080 1380 1129 five
1392 1097 1599 1130 metuatur
1609 1100 1661 1130 ex
1681 1073 1801 1110 mana«

48 1152 198 1196 ratione
219 1149 522 1212 gubernationis
545 1146 694 1193 divinae
708 1183 720 1202 ‚
750 1166 844 1210 quae
855 1146 1043 1209 judicum
1057 1150 1342 1211 negligentiam
1357 1149 1455 1210 saepe
1477 1149 1660 1196 severiter

48 1214 228 1278 castigare
240 1215 338 1262 solet
350 1219 368 1269 )
397 1229 484 1258 non
500 1226 636 1258 autem
649 1228 857 1276 peccatum
880 1215 1011 1277 ipsum
1025 1216 1065 1258 in
1079 1216 1274 1276 proximo
1287 1213 1450 1277 proprie
1463 1216 1658 1276 puniunt,

50 1295 243 1342 quatenus
253 1296 399 1343 nempe
410 1280 562 1324 malitia
574 1283 616 1324 δέ
628 1278 824 1325 vitiositas
835 1279 891 1324 est
904 1282 945 1323 in
959 1278 1044 1338 ejus
1056 1281 1215 1324 afflone
1243 1286 1261 1335 (
1274 1278 1355 1325 hoc
1367 1281 1476 1324 enim
1489 1281 1656 1342 proprie

49 1346 117 1398 est,
132 1361 337 1408 peccatum
352 1346 494 1407 punire
505 1345 526 1404 )
539 1361 672 1405 neque
683 1347 804 1391 etiam
817 1347 979 1407 punitio
991 1361 1138 1389 eorum
1152 1346 1172 1389 ὲ
1184 1345 1390 1390 sanctitate
1402 1346 1484 1390 ulla
1497 1359 1566 1391 aut
1577 1344 1657 1391 do-

53 1414 180 1459 minio
203 1410 469 1474 proficiscitur
481 1444 493 1464 ,
515 1424 584 1456 aut
595 1426 644 1456 ex
655 1409 743 1470 jure
752 1409 960 1470 judicandi
973 1415 1015 1455 &
1028 1408 1259 1455 vindicandi
1273 1424 1481 1473 peccatum
1493 1425 1656 1456 natura-

53 1479 139 1525 liter
161 1478 277 1523 nobis
299 1479 340 1522 in
365 1478 606 1539 proximum
629 1490 908 1539 competente3
933 1474 1016 1520 hoc
1038 1477 1151 1520 enim
1174 1479 1290 1522 Deus
1313 1478 1414 1521 nulli
1436 1474 1599 1521 homini
1612 1479 1656 1522 in

51 1544 285 1607 proximum
311 1540 518 1588 commisit
529 1577 540 1593 ,
569 1547 612 1587 &
635 1540 676 1587 id
700 1540 750 1588 ad
773 1540 894 1603 ipsius
906 1542 989 1588 Dei
1001 1541 1211 1586 summum
1220 1539 1422 1600 judicium
1436 1575 1448 1596 ‚
1473 1543 1513 1585 in
1529 1558 1656 1603 quem

53 1611 165 1655 unice
176 1623 358 1672 peccatur
368 1644 381 1661 ,
409 1608 541 1654 solum
554 1609 725 1671 pertinet
740 1626 749 1652 t
776 1606 829 1652 sic
840 1609 951 1652 enim
964 1606 1017 1652 fas
1029 1623 1116 1651 non
1128 1603 1219 1651 esset
1231 1604 1321 1669 ipsis
1343 1608 1405 1652 vel
1418 1608 1551 1652 ullum
1563 1623 1656 1670 pec-

54 1689 186 1720 catum
209 1676 460 1737 impunitum
485 1672 690 1720 dimittere
702 1708 713 1728 ‚
737 1674 873 1718 multo
896 1675 1033 1718 minus
1046 1706 1057 1725 ‚
1082 1671 1201 1733 quod
1212 1672 1311 1734 saepe
1324 1671 1410 1717 fieri
1423 1670 1569 1717 necesse
1580 1671 1653 1727 est,

56 1738 302 1802 gravissimos
323 1754 546 1802 peccatores
569 1741 737 1785 summis
761 1741 802 1783 in
827 1738 970 1801 repub.
1004 1736 1235 1783 honoribus
1255 1737 1371 1799 fungi
1406 1739 1653 1800 permittere.

52 1809 209 1853 Verum
221 1804 407 1851 homines
418 1819 578 1851 tantum
593 1819 757 1867 propter
767 1805 852 1848 bon
858 1820 930 1848 um
943 1803 1001 1848 sui
1013 1838 1025 1853 ‚
1042 1808 1085 1847 ἃ
1096 1803 1251 1865 reipub.
1266 1805 1331 1847 cui
1344 1820 1480 1848 cavere
1491 1801 1654 1858 debent,

56 1887 190 1935 poenas
214 1871 391 1917 inferunt
402 1906 413 1922 ‚
438 1872 505 1916 vel
518 1868 568 1916 ad
581 1868 842 1916 statuendum
854 1869 1088 1931 exemplum
1104 1902 1117 1922 ‚
1142 1869 1203 1912 vel
1216 1867 1267 1914 ad
1279 1867 1540 1930 corrigendos
1552 1869 1657 1931 ipsos

56 1947 272 2002 'peccatores
283 1971 295 1991 ,
321 1938 384 1983 vel
407 1935 457 1981 ad
481 1933 794 1998 propulsandam
816 1951 963 1980 eorum
976 1933 1166 1993 injuriam
1180 1933 1230 1978 ab
1243 1935 1325 1979 aliis
1340 1952 1349 1978 ε
1375 1932 1484 1979 unde
1496 1949 1650 1995 poenas,

56 2019 139 2049 non
152 2019 226 2065 pro
240 2000 520 2065 magnitudine
543 2001 706 2046 malitiae
733 2006 776 2045 δέ
799 1999 1026 2046 vitiositatis
1039 2033 1051 2054 ,
1077 2015 1169 2059 quae
1182 2000 1223 2043 in
1236 1997 1387 2044 defleto
1401 1997 1457 2043 est
1470 2032 1482 2052 ,
1497 1997 1561 2043 sed
1574 2015 1652 2061 pro

55 2069 206 2114 ratione
229 2066 382 2121 damni,
395 2083 484 2127 quo
497 2064 605 2112 istud
616 2068 682 2111 sua
695 2081 835 2112 natura
847 2079 989 2128 aptum
1002 2063 1059 2109 est
1071 2062 1294 2109 hominum
1307 2064 1507 2109 societates
1519 2062 1652 2111 affice-

52 2140 110 2188 re,
123 2132 322 2178 intendere
332 2134 396 2178 vel
406 2133 610 2178 remittere
622 2166 634 2185 ,
648 2132 746 2193 saepe
757 2133 878 2177 etiarn
891 2165 903 2183 ,
926 2131 998 2175 ubi
1010 2129 1204 2176 securitati
1215 2130 1370 2192 reipub.
1386 2130 1473 2175 satis
1484 2143 1652 2174 cautum

57 2198 111 2245 est
124 2233 135 2251 ,
159 2198 315 2261 prorsus
328 2199 591 2243 intermittere
602 2197 752 2248 solent3
780 2195 899 2257 quod
913 2198 953 2240 in
968 2197 1049 2240 Dei
1060 2193 1215 2253 judicio
1229 2194 1335 2239 nefas
1346 2193 1463 2239 foret.
1507 2198 1653 2254 Atque

55 2264 107 2309 ita
119 2266 234 2326 origo
247 2268 287 2309 &
300 2262 616 2310 fundamentum
628 2279 846 2325 poenarum
859 2259 1133 2306 humanarum
1147 2259 1311 2322 proprie
1324 2258 1380 2304 est
1393 2277 1441 2305 ex
1454 2257 1654 2304 defensio-

59 2343 108 2374 ne
119 2334 159 2374 δε
172 2331 467 2375 conservatione
476 2328 535 2373 sui
549 2363 561 2383 ‚
583 2342 671 2373 tam
685 2331 726 2373 in
740 2327 843 2374 statu
856 2327 1171 2387 naturali,quam
1185 2327 1292 2370 civili
1308 2344 1317 2370 ε
1344 2342 1438 2370 cum
1452 2341 1575 2388 poena
1589 2323 1653 2369 di-

57 2395 148 2439 vina
159 2397 200 2439 in
212 2394 333 2456 ipsam
345 2395 492 2457 peccati
503 2393 764 2439 vitiositatem
777 2392 939 2438 feratur.

123 2461 258 2505 XXV.
282 2459 384 2505 Inde
405 2464 519 2506 Deus
531 2461 692 2504 nomini
705 2459 776 2504 suo
791 2455 991 2522 adscripsit
1025 2456 1111 2510 7¹17AE
1146 2442 1195 2487 ⁸⁴⁷
1226 2458 1302 2510 ³523.
1334 2469 1450 2506 οεῡωόν
1473 2469 1516 2506 ἐκ
1532 2468 1643 2504 omaso?
1678 2472 1869 2525 Affirmjn.

59 2523 195 2570 Exod.
210 2523 402 2587 34:7.hoc
414 2524 484 2578 est,
493 2523 611 2585 quod
624 2543 699 2569 non
712 2525 888 2570 dimittet
900 2531 1146 2586 impunitum
1159 2531 1230 2585 qui
1241 2527 1513 2580 nomensnum
1526 2542 1566 2567 m
1579 2540 1656 2568 ω-
1677 2530 1761 2576 (tina
1772 2528 1869 2569 hujus

58 2599 157 2637 'num
171 2592 315 2638 tulerit·
346 2588 485 2640 Exod.
502 2606 570 2638 20:
584 2608 627 2653 7.
652 2588 854 2652 quodque
879 2590 1077 2652 peccatori
1093 2605 1178 2634 non
1193 2587 1476 2648 fitfimz'lismec
1502 2586 1661 2633 eumad
1681 2580 1856 2630 Weffit‘ss·

1009 2657 1037 2701 S
1073 2671 1094 2699 2.
1551 2670 1667 2700 com-
