2116 2901
433 148 505 194 332
789 132 957 176 Lrss.
1027 130 1434 174 I.CA1‘U·1·
1504 127 1732 175 XLIV.
2074 0 2116 157 l

503 212 687 255 XXVII.
722 210 756 254 Ii
769 222 905 254 tamen
919 242 930 259 ,
968 209 1042 268 qui
1055 208 1189 267 aliqua
1201 208 1327 252 animi
1339 204 1621 268 superstitione
1633 205 1707 252 hac
1721 208 1763 251 in
1789 223 1832 252 re
1844 219 2048 264 tenentur,

439 273 615 319 sortibus
630 271 794 319 ludicris
805 273 1014 325 abstinere,
1027 277 1070 317 &
1083 271 1185 318 nihil
1197 287 1339 317 contra
1351 273 1477 317 animi
1504 271 1562 316 sui
1574 272 1732 318 sensum
1746 272 1872 317 facere
1883 272 2044 320 debent.
2095 281 2107 292 '

442 341 655 406 Qicquid
663 347 769 384 enim
781 356 831 384 ex
831 340 916 400 fide
929 339 1065 398 nonfit
1080 371 1092 391 ‚
1121 353 1335 400 peccatum
1349 338 1417 397 est.
1451 341 1588 384 Rom.
1606 354 1671 397 14:
1690 354 1751 398 23.
1780 351 1910 398 ,atque
1921 341 2044 384 etiam

435 406 478 449 in
493 405 726 450 universum
739 421 899 453 omnes,
913 418 1078 466 propter
1090 406 1220 448 multa
1233 417 1391 464 peccata
1405 419 1498 464 quae
1511 405 1680 465 vulgato
1692 402 1864 448 sortium
1878 403 1965 448 usui
1977 402 2045 450 ad-

433 468 602 519 haerent,
616 487 743 531 quam
755 468 981 532 parciffime
994 471 1040 514 iis
1052 471 1112 515 uti
1123 468 1284 515 debent.
2046 480 2050 486 ’

219 527 313 569 ΡΑΤ
323 542 396 569 UM·
501 539 705 582 XXVIII.
742 541 804 581 Ita
817 535 1027 581 eliminata
1050 535 1101 580 ab
1116 536 1197 580 una
1210 548 1320 597 parte
1344 532 1470 580 fallaci
1485 532 1661 579 fortunae
1674 535 2045 596 contingentiaeque

199 597 207 605 ’
434 601 541 652 Dea,
558 600 785 647 cavendum
797 604 917 647 etiam
932 601 982 645 ab
994 601 1112 645 altera
1124 616 1234 663 parte
1248 598 1309 644 est
1321 634 1333 653 ,
1358 615 1407 644 ne
1419 597 1469 644 ad
1482 600 1672 645 violentae
1686 597 1918 645 necessitatis
1930 604 1971 645 δε
1984 599 2042 645 fii-
2108 628 2112 630 >

433 668 464 712 ti
478 668 691 729 scopulum
705 666 932 717 allidamur,
945 663 1065 726 quod
1077 666 1380 728 sapientioribus
1392 667 1495 710 inter
1506 662 1771 727 philosophos
1783 663 2039 716 accidit‚cum

433 731 599 777 fortuna
613 746 775 778 tantum
788 734 900 795 vulgi
914 736 955 776 &
968 732 1172 777 leviorum
1185 731 1410 777 hominum
1423 733 1514 776 Dea
1526 729 1661 775 fuerit.
2069 732 2071 735 ’

215 819 304 872 quod
323 832 413 871 qua,
499 801 655 844 XXIX.
688 803 842 843 Fatum
854 832 867 850 ,
908 798 1065 843 Graecis
1076 806 1256 855 ὲιμαιξμέιη
1268 834 1274 845 ,
1287 795 1542 858 quadruplex
1555 797 1683 858 vulgo
1706 794 1907 842 statuitur.
1945 798 1996 842 M
2002 814 2046 843 a*

216 874 357 922 dmplex
431 861 699 909 thematicum
714 897 726 913 ,
761 862 882 924 quod
905 880 954 908 ex
979 862 1091 908 astris
1103 864 1145 904 &
1168 858 1346 906 fiderum
1359 860 1498 924 positu
1509 878 1653 907 omnes
1664 876 1830 907 eventus
1862 860 2039 909 deducit.

216 929 316 978 vulgo
333 929 410 979 sta·
432 931 635 975 Naturale
648 964 660 984 ,
695 929 761 974 seu
772 927 992 991 phyficum
1006 962 1019 981 ,
1054 924 1174 988 quod
1186 925 1289 984 nihil
1300 926 1407 972 aliud
1421 925 1477 972 est
1492 961 1503 979 ,
1517 943 1643 987 quam
1658 927 1865 972 causarum
1879 942 2038 974 natura-

213 986 339 1023 “m‘ffl
430 996 535 1039 lium
548 993 671 1045 ordo,
684 993 803 1040 fimili
818 993 954 1040 modo
966 994 1119 1055 semper
1129 994 1352 1052 agentium,
1368 991 1442 1037 nisi
1456 990 1617 1037 aliunde
1629 993 1900 1054 impellantur3
1920 1008 2040 1054 atque

432 1058 534 1105 adeo
550 1077 600 1106 ne
613 1060 663 1106 ad
677 1062 761 1105 vim
776 1059 945 1121 quidem
958 1059 1027 1105 fati
1040 1057 1215 1117 assurgit.
1263 1060 1448 1103 Stoicum
1463 1092 1475 1111 ‚
1510 1056 1629 1118 quod
1641 1057 1889 1104 definiebant
1902 1066 2039 1105 rerum

430 1130 474 1171 &
486 1126 694 1172 causarum
705 1140 896 1172 aeternam
910 1130 951 1170 &
964 1124 1242 1171 inviolabilem
1255 1124 1395 1169 seriem
1408 1140 1419 1174 ;
1435 1125 1476 1167 in
1489 1140 1572 1183 qua
1583 1139 1669 1168 non
1683 1124 1815 1168 solum
1830 1124 1956 1170 causas
1969 1131 2037 1170 ne-'

430 1188 617 1246 cessarias‚
630 1209 774 1238 verum
789 1193 911 1239 etiarn
927 1193 1205 1254 contingentes
1217 1190 1410 1234 &liberas
1421 1189 1640 1250 ponebant,
1654 1207 1748 1250 quae
1761 1205 1905 1235 omnes
1917 1188 2037 1236 instar

432 1271 580 1303 catenae
594 1275 643 1303 ex
656 1258 691 1303 se
710 1259 884 1303 invicem
897 1255 1192 1318 dependebant,
1201 1269 1393 1300 contexta
1403 1272 1454 1300 ex
1465 1253 1637 1300 infinitis
1652 1256 1807 1299 annulis
1820 1289 1831 1308 ‚
1870 1255 2036 1316 quibus-

431 1320 527 1367 dam
542 1322 794 1376 fortioribus,
807 1321 1051 1383 quibusdam
1065 1320 1343 1374 debilioribus,
1356 1322 1410 1366 ita
1421 1335 1557 1366 tamen
1580 1322 1850 1366 concatenatis
1862 1354 1875 1374 ‚
1894 1335 1940 1366 ut
1961 1320 2037 1367 dis-

428 1388 529 1433 solvi
544 1404 630 1433 non
643 1386 812 1451 poffent.
847 1389 932 1434 Cui
956 1387 1040 1433 fato
1064 1385 1241 1434 cohaeret
1253 1383 1470 1432 Necessitas
1480 1421 1493 1436 ,
1509 1387 1675 1447 gemella
1698 1385 1768 1432 fati
1781 1385 1894 1431 soror
1905 1421 1918 1440 ‚
1953 1403 2033 1448 qua

427 1453 562 1515 ipsum
575 1458 718 1500 Deum
733 1489 745 1509 ‚
783 1453 992 1516 ipsamque
1014 1452 1194 1500 hominis
1205 1453 1461 1497 voluntatem
1486 1451 1765 1497 &libertatem
1788 1450 2034 1515 constringe..

432 1519 545 1566 bant.
580 1522 776 1581 Denique
788 1517 1072 1565 Christianum
1087 1553 1098 1572 ,
1114 1535 1202 1579 quo
1216 1518 1456 1581 intelligitur
1468 1533 1605 1564 rerum
1619 1523 1660 1564 &
1676 1517 1884 1564 causarum
1896 1518 1918 1563 ὲ
1932 1516 2035 1565 divi-

432 1600 491 1628 no
503 1584 667 1631 decreto
679 1585 908 1649 dependens
919 1585 1027 1630 ordo
1042 1590 1081 1630 &
1096 1585 1218 1631 series.

214 1652 290 1715 Fati
304 1649 409 1714 pbri·
498 1653 630 1698 XXX.
667 1655 811 1712 Atque
823 1649 903 1696 hoc
915 1649 1198 1696 Christianum
1212 1649 1343 1696 fatum
1356 1650 1480 1713 longe
1496 1651 1602 1698 abest
1615 1653 1636 1697 a
1651 1651 1736 1697 fato
1750 1652 1891 1698 Stoicis
1928 1650 2033 1707 (for-

213 1706 313 1769 a'ffm
346 1705 378 1769 ὸ,
428 1728 469 1760 te
481 1731 568 1761 non
581 1718 668 1762 satis
680 1718 788 1763 recoce
803 1752 814 1768 ‚
842 1717 978 1762 saltem
993 1716 1133 1777 quoad
1147 1721 1310 1770 omnes)
1337 1719 1557 1779 imputato,
1593 1721 1705 1764 Nam
1737 1735 1771 1764 1.
1785 1734 1881 1762 cum
1895 1718 1951 1763 illi
1964 1733 2031 1761 ne-

209 1760 409 1852 {J‘Jzznd's‘
427 1779 647 1828 ceffitatem
664 1796 859 1844 ponerent
871 1784 912 1827 in
925 1797 1122 1845 perpetuo
1134 1799 1178 1828 ac
1201 1796 1353 1828 aeterno
1366 1799 1502 1827 rerum
1516 1799 1638 1838 nexu,
1653 1799 1728 1828 nos
1739 1799 1828 1828 eam
1841 1784 2030 1845 ponimus

339 1843 348 1853 ’
427 1847 470 1890 in
483 1849 565 1892 Dei
579 1846 756 1894 decreto.
795 1849 893 1894 2.illi
906 1851 1049 1894 Deum
1063 1846 1292 1902 necessitati,
1305 1864 1380 1893 nos
1392 1846 1662 1895 necessitatem
1677 1852 1775 1894 Deo
1788 1847 2028 1906 subjicimus.

432 1927 465 1972 3.
480 1929 660 1974 cumque
682 1914 739 1959 illi
753 1930 891 1959 rerum
916 1915 1237 1976 contingentiam
1250 1918 1292 1959 &
1306 1915 1527 1961 voluntatis
1550 1915 1774 1961 libertatem
1789 1914 1862 1959 suo
1874 1912 1958 1960 fato
1970 1912 2030 1960 su·

428 1975 578 2022 stulisse
587 1977 785 2031 dicantur,
806 1995 881 2025 nos
892 1996 937 2025 ea
948 1996 1045 2025 cum
1058 1978 1142 2027 fato
1155 1981 1197 2024 in
1209 1980 1379 2043 gratiam
1392 1978 1641 2026 reducimus.

209 2056 333 2091 Fatum
347 2068 402 2092 re·
489 2045 645 2089 XXXI.
685 2046 750 2090 Illi
763 2044 836 2107 ipsi
847 2060 946 2091 vero
963 2079 976 2100 ‚
990 2047 1066 2106 qui
1080 2045 1182 2091 falso
1197 2042 1325 2092 assem
1338 2047 1422 2090 Fati
1435 2061 1510 2091 nos
1521 2045 1757 2092 infimulant
1774 2082 1785 2098 ,
1812 2044 1936 2107 longe
1948 2043 2028 2090 for-

210 2106 357 2171 dutum,
423 2109 503 2154 tius
514 2107 616 2155 illud
628 2108 842 2163 reducunt.
879 2113 964 2158 Res
975 2112 1085 2155 enim
1098 2112 1296 2157 naturales
1307 2114 1349 2155 δε
1361 2112 1642 2173 contingentes
1654 2110 1774 2172 quod
1794 2112 1934 2157 attinet
1944 2143 1958 2164 ‚
1982 2110 2028 2155 il-

207 2174 270 2211 qm
280 2175 337 2224 ,Μ’
349 2163 400 2226 a(-
419 2173 598 2233 lasjuxta
609 2173 897 2238 Chrysippum
920 2191 1167 2238 argumento
1178 2176 1229 2224 de
1253 2177 1546 2222 enunciationis
1568 2175 1810 2223 definitione
1822 2210 1834 2231 ‚
1870 2192 1956 2237 quo
1968 2175 2027 2220 ille

199 2218 294 2319 ζξζὶἓ
304 2215 402 2318 ²522-
423 2237 555 2286 fatum
569 2242 756 2286 Stoicum
769 2238 968 2294 afferebat,
979 2243 1033 2286 ita
1045 2239 1217 2289 asserunt
1229 2237 1453 2288 neceflarias
1466 2276 1478 2296 ‚
1502 2257 1549 2288 ut
1563 2243 1614 2288 ab
1626 2256 1778 2288 aeterno
1790 2240 1841 2289 de
1853 2242 1969 2287 omni
1989 2254 2028 2286 re

210 2323 354 2364 mulam,
428 2302 507 2350 dici
521 2307 701 2369 potuerit
714 2341 726 2360 ‚
739 2323 882 2353 verum
895 2302 968 2351 ess‘e
979 2304 1022 2352 id
1035 2307 1154 2368 quod
1165 2324 1310 2354 verum
1321 2305 1381 2352 est
1389 2341 1402 2362 ‚
1437 2312 1480 2352 &
1493 2309 1544 2354 ab
1555 2322 1708 2354 aeterno
1720 2307 1834 2354 certo
1846 2307 2026 2354 futurum

424 2368 499 2418 esse
510 2370 629 2432 quod
642 2371 833 2417 futurum
846 2371 917 2418 est.
953 2375 1024 2419 Ut
1035 2390 1122 2419 non
1136 2371 1357 2436 dependeat
1367 2388 1506 2419 rerum
1519 2373 1711 2421 futuritio
1735 2375 1758 2419 a
1771 2377 1867 2420 Deo
1876 2409 1888 2425 ,
1931 2369 2024 2420 seda

423 2437 541 2482 rebus
564 2435 668 2498 ipfis.
705 2437 838 2497 Cujus
858 2439 1004 2483 erroris
1028 2449 1154 2498 πρᾶτον
1165 2444 1311 2495 4263&
1323 2437 1381 2485 est
1392 2441 1498 2485 male
1520 2440 1723 2488 intelleeta
1746 2436 2029 2485 enunciationis

422 2500 677 2560 disjunffivae
692 2501 902 2550 necessitas.
1996 2516 1999 2519 ⁴
2080 2442 2087 2581 i

491 2571 667 2620 XXXII.
704 2570 842 2636 Magis
855 2583 990 2638 autem
1003 2567 1136 2622 adhuc
1160 2568 1291 2618 fatum
1316 2569 1572 2635 adstringunt
1595 2573 1698 2618 circa
1710 2571 1887 2619 afflones
1897 2567 2027 2681 {iberas
2078 2583 2082 2640 J

1955 2646 2024 2678 vo-
