2116 2901
419 145 481 192 94
813 128 1429 175 L1B.I.CA1›u1-
1494 125 1663 174 XIV.

426 232 472 262 ac
494 231 666 274 regnum
689 215 773 276 ejus
796 213 929 261 adhuc
951 215 994 259 in
1019 211 1182 258 mundo
1209 210 1289 258 fint
1312 245 1324 267 ‚
1359 216 1402 257 δε
1422 211 1576 274 semper
1598 209 1761 256 fuerint.
2036 251 2043 263 ,

491 284 531 326 Χ
545 285 583 327 Χ
596 286 617 326 Ι
630 286 665 328 Ι.
701 288 811 344 Qae
825 280 1021 343 apparitio
1034 292 1157 339 atque
1168 279 1350 323 numinis
1361 278 1419 322 sui
1431 275 1715 330 manifestati0‚
1729 289 1826 320 cum
1837 273 1951 328 Dee,
1963 272 2041 334 qui

425 344 659 392 humanum
681 363 806 409 genus
829 343 1037 395 condidit,
1066 342 1192 403 idque
1217 342 1478 405 summopere
1503 340 1659 405 diligit,
1688 356 1776 386 non
1788 337 1954 401 indigna
1967 337 2043 391 fin

426 412 515 456 imo
539 428 635 457 cum
659 414 722 457 vel
746 410 928 456 maxime
955 410 1087 472 ipsura
1110 408 1266 460 deceat,
1285 406 1448 454 homini
1462 441 1474 462 ‚
1493 423 1621 468 quem
1633 403 1684 452 ad
1695 406 1916 468 imaginem
1935 404 2044 456 suam

426 491 623 523 creaverat
633 513 646 528 ‚
661 481 704 522 &
717 475 767 522 ad
780 477 852 522 sese
862 474 1058 521 adducere
1068 474 1271 528 statuerat,
1283 474 1320 519 se
1330 475 1455 519 veluti
1467 470 1614 518 offerre
1626 486 1748 533 atque
1760 473 1794 516 ei
1816 485 2036 524 occurrere,

429 557 609 602 eumque
631 540 682 588 de
705 544 814 588 coelo
838 538 951 586 affari
965 574 976 594 ,
1001 545 1044 585 &
1068 537 1318 587 sanctissimis
1341 537 1477 584 modis
1488 554 1644 601 regere:
1669 550 1761 583 tum
1775 536 1839 582 vel
1850 536 2047 597 imprimis

429 605 617 661 homini,
642 609 685 652 in
708 608 819 653 tanta
843 607 1032 652 naturalis
1055 607 1301 668 cognitionis
1323 606 1612 667 corruptione,
1628 607 1670 648 &
1683 602 1858 663 maligna
1869 616 1912 645 ac
1925 597 2046 649 dubia

429 670 503 716 ista
514 674 602 717 luce
615 706 627 725 ‚
661 689 731 735 per
742 689 871 732 quam
885 671 932 717 ad
945 676 1089 718 Deum
1102 672 1428 734 appropinquare
1440 670 1612 732 amplius
1625 684 1711 713 non
1723 679 1881 729 poterat
1893 697 1906 719 ,
1931 680 2046 727 pror..

426 735 489 782 sus
500 734 703 783 necessaria
715 753 808 784 erat.
854 742 954 784 Lux
965 738 1036 797 ista
1047 745 1088 782 in
1102 736 1268 782 tenebris
1281 739 1398 781 lacet.
1420 733 1523 799 Joh.
1547 752 1583 779 1:
1603 749 1640 793 5.
1674 735 1798 796 Ipsius
1826 737 2046 777 eniminvi-
2112 745 2114 758 ·

414 801 563 860 fibilia,
573 818 715 848 aterna
727 804 909 848 videlicet
919 806 1006 865 ejus
1019 820 1108 848 tam
1115 809 1292 865 potentia
1306 834 1318 854 ‚
1333 817 1424 846 tam
1435 802 1629 846 divinitas
1643 817 1694 846 ex
1706 805 1898 843 creatione
1909 788 2047 846 mundi

419 867 735 929 perspiciantur:
761 870 816 913 aa'
828 868 896 913 hoc
919 884 967 914 nt
985 866 1366 926 sintinexcafizbzles,
1390 881 1596 930 propterea
1608 865 1820 927 quodcum
1833 866 1970 908 Deum
1980 878 2048 906 no-

429 939 540 987 rint,
564 948 700 978 tamen
725 950 772 979 ut
796 939 938 981 Deam
961 952 1037 977 non
1042 935 1389 996 glorificaverant,
1418 949 1548 994 neque
1553 937 1711 994 gratias
1722 936 1757 974 ei
1769 941 1934 990 egerant
1949 946 1963 971 .·
1976 926 2048 984 fid

429 1005 532 1042 vam·
543 1000 648 1058 fasti
664 1001 815 1054 suntin
838 999 1202 1044 ratiocinationibus
1214 997 1300 1054 sitis
1315 1031 1327 1051 ‚
1351 1005 1399 1051 (ῤ’
1423 994 1975 1057 οὸῑενιεᾷνιιτωηιιζβίηβριεω
1985 1009 2046 1038 cor
2109 1046 2112 1052 ,

428 1080 580 1110 eoram.
614 1067 749 1111 Rom.
769 1081 888 1115 1:20,
908 1081 974 1110 21.
1008 1064 1102 1110 Fide
1125 1064 1489 1109 animadvertimus
1511 1061 1631 1106 verbo
1656 1066 1737 1107 Dei
1762 1059 1959 1121 compasta
1981 1056 2046 1119 effi.-
2108 1081 2111 1092 v

416 1127 574 1184 saecula,
586 1144 635 1173 ut
647 1147 730 1192 qnae
740 1136 950 1183 cernimus,
961 1147 1038 1173 non
1051 1147 1100 1174 ex
1113 1128 1392 1192 apparentibus
1398 1129 1511 1189 fafba
1511 1129 1611 1187 sint.
1646 1126 1777 1172 Hebr.
1799 1142 1814 1170 1
1827 1141 1862 1169 1:
1880 1140 1913 1184 3.
2050 1178 2054 1183 ,

216 1194 397 1259 ᾼξίυενζῆ-
493 1195 654 1240 ΧΧΠΙ.
689 1196 863 1241 Notitiae
875 1192 971 1239 huic
984 1194 1250 1239 obluctantur
1261 1193 1676 1252 Socmas‚0st0rodus‚
1695 1187 2048 1250 Wrstms‚magna.
2107 1187 2110 1254 ξ

215 1263 261 1311 'f‘
281 1262 368 1313 ’²⁰²3‘
434 1274 514 1318 que
537 1276 588 1304 ex
611 1274 720 1322 parte
742 1260 1062 1320 Remonstrantes
1085 1257 1257 1320 quidam
1272 1293 1284 1313 ,
1307 1274 1479 1303 omnem
1502 1260 1583 1303 Dei
1607 1258 1798 1303 notitiam
1811 1254 2046 1305 naturalem,
2106 1283 2109 1299 ι

214 1305 382 1397 ἕζΐίἰῖϋς
434 1338 530 1368 cum
542 1325 722 1370 innatam
737 1339 853 1379 ‚tum
867 1323 1340 1385 acquffitam,tollentes,
1365 1322 1503 1370 &fide
1514 1323 1595 1367 sola
1606 1323 1795 1384 cognosci
1805 1323 1973 1373 Deum,
1999 1333 2047 1365 ex
2106 1349 2107 1354 =

387 1384 395 1395 ⁸
431 1389 528 1434 loco
540 1388 590 1435 ad
602 1391 734 1435 Hebr.
752 1407 767 1435 1
780 1408 815 1436 1:
833 1399 873 1436 6.
899 1395 1004 1436 Fieri
1015 1409 1092 1434 non
1099 1390 1222 1452 potest
1234 1423 1246 1443 ‚
1263 1391 1484 1451 atstnefia'e
1495 1387 1709 1451 qazffiaam
1720 1395 1757 1431 ei
1760 1388 1917 1449 placeat
1928 1405 1942 1428 .·
1956 1401 2047 1430 nam
2105 1397 2107 1433 ὲ

432 1461 505 1515 qui
527 1456 675 1501 accedit
697 1457 755 1501 ad
772 1461 911 1501 Deam
925 1490 936 1509 ‚
960 1455 1068 1500 hanc
1091 1462 1242 1501 credere
1254 1469 1402 1517 oportet
1412 1455 1478 1516 ‘'ffi'
1503 1459 1656 1507 Deum,
1680 1452 1906 1498 statuentes.
1938 1454 2071 1510 Qae'
2104 1468 2107 1479 ’

431 1521 576 1581 opinio
602 1536 744 1566 omnes
767 1519 954 1565 homines
978 1522 1105 1566 verbo
1132 1522 1268 1567 Dei&
1283 1518 1365 1564 fide
1378 1533 1550 1565 carentes
1562 1519 1653 1564 facit
1665 1516 1823 1569 atheos,
1837 1515 2048 1576 &religio-
2103 1552 2106 1579 ,

436 1600 532 1631 nem
555 1601 726 1630 omnem
750 1584 913 1630 homini
936 1587 1107 1632 naturali
1130 1584 1299 1639 adimit,
1325 1590 1368 1629 δε
1394 1586 1580 1646 reliquias
1603 1584 1788 1646 imaginis
1811 1582 1893 1627 Dei
1917 1577 2049 1626 inho-

433 1651 687 1711 mine,atque
701 1649 800 1696 adeo
813 1650 935 1713 ipfius
946 1653 1089 1696 animae
1104 1652 1468 1704 immortalitatem,
1481 1666 1565 1694 non
1580 1650 1746 1694 obscure
1757 1648 1878 1694 tollit.
1913 1646 2042 1692 Aliter

433 1712 607 1761 docetur
630 1719 765 1763 Rom.
796 1734 832 1762 1:
863 1718 1004 1763 18-21.
1031 1718 1085 1762 Iol
1105 1717 1213 1778 qnod
1233 1718 1280 1761 a'e
1305 1721 1390 1761 Deo
1404 1715 1566 1778 cognosci
1572 1715 1711 1778 potest,
1734 1708 2048 1773 manifi’stnmcst

435 1783 588 1842 inipsts.
611 1786 725 1827 Dens
752 1789 857 1826 enim
879 1789 925 1827 iis
950 1782 1204 1842 manifestam
1217 1783 1317 1841 fecit
1341 1786 1418 1826 &c.
1453 1785 1519 1825 ‘Ut
1543 1794 1761 1842 quaererent
1773 1784 2001 1830 dommum,
2009 1775 2051 1833 ss
2100 1779 2102 1804 ¹

424 1847 539 1907 fzrte
556 1847 756 1909 palpando
782 1855 1006 1893 invenirent
1027 1864 1121 1893 enm
1144 1867 1159 1891 .·
1185 1865 1263 1891 non
1288 1849 1396 1909 longe
1409 1854 1513 1892 enim
1526 1845 1630 1908 abest
1646 1844 1699 1891 ab
1724 1860 1962 1906 unoquoque
1972 1858 2044 1887 rto-2
2100 1862 2101 1870 ¹

422 1912 574 1970 stram.
611 1913 711 1956 Act.
732 1929 801 1973 17:
819 1929 888 1975 27.
2040 1938 2045 1949 ,

221 1983 280 2017 An
293 1978 415 2018 dentur
501 1978 540 2021 X
551 1979 591 2021 X
604 1980 624 2021 I
637 1981 695 2023 V.
728 1981 874 2037 Atque
885 1975 958 2022 hac
971 1976 1140 2037 quidem
1152 1978 1307 2022 ratione
1320 1993 1444 2022 nemo
1457 1975 1682 2021 hominum
1694 1975 1835 2020 atheus
1847 1977 1889 2018 &
1902 1970 2043 2032 absque

221 2045 376 2072 Arum.
434 2043 532 2086 Deo
544 2040 623 2095 est,
673 2043 747 2103 qui
770 2056 854 2088 tam
878 2056 1064 2104 potenter
1087 2043 1219 2087 ubivis
1248 2042 1321 2087 sele
1334 2044 1504 2087 inculcat
1517 2047 1559 2086 &
1572 2039 1695 2087 offert
1709 2075 1720 2093 ‚
1735 2053 1782 2085 ut
1794 2040 1844 2084 ab
1857 2036 2047 2084 omnibus

435 2105 563 2152 videri
577 2112 618 2152 &
631 2120 793 2152 tantum
810 2124 897 2152 non
910 2109 1058 2170 palpari
1070 2105 1205 2169 poffit.
1247 2111 1401 2167 Neque
1425 2105 1504 2151 hoc
1518 2107 1627 2152 sensu
1639 2107 1802 2168 gentiles
1827 2115 1923 2154 ἄθεοι
1944 2117 1981 2157 clu
2004 2115 2049 2168 „J

436 2181 556 2231 κόσμῳ
577 2171 770 2218 dicuntur
780 2171 888 2235 Eph.
908 2190 946 2218 2:
968 2190 1029 2218 12.
1078 2171 1191 2233 quasi
1206 2174 1323 2217 omni
1336 2175 1418 2218 Dei
1430 2174 1575 2217 notitia
1587 2168 1796 2217 caruiffent
1812 2205 1824 2225 ,
1837 2171 1902 2217 sed
1913 2189 2059 2232 quates

437 2253 513 2283 nus
537 2236 619 2282 fine
631 2243 716 2283 Deo
729 2239 914 2294 foederato
927 2251 1036 2283 erant
1050 2272 1062 2292 ,
1075 2251 1122 2283 ut
1134 2255 1183 2283 ex
1196 2237 1516 2284 antecedentibus
1528 2236 1788 2282 manifestum
1801 2236 1870 2282 est.
1906 2243 2049 2300 Neque

437 2305 560 2348 etiam
583 2301 649 2348 hic
671 2301 834 2348 obstant
856 2304 1038 2365 exempla
1063 2302 1327 2364 quorundam
1341 2337 1354 2357 ‚
1389 2304 1462 2363 qui
1485 2304 1599 2348 malis
1620 2299 1830 2347 affeci-ibus
1854 2304 2048 2367 &praejun

440 2365 554 2412 diciis
577 2370 792 2419 excoecati,
820 2371 964 2414 erroris
986 2367 1252 2414 diuturnitate
1274 2367 1438 2413 tandem
1463 2384 1634 2413 omnem
1666 2369 1748 2413 Dei
1760 2367 1914 2414 sensum
1928 2372 1969 2416 in
1981 2369 2050 2415 sese

440 2434 701 2479 extinxerunt
725 2467 738 2487 ‚
775 2447 898 2494 atque
920 2451 969 2478 eo
993 2434 1120 2494 usque
1142 2436 1354 2496 impietatis
1376 2447 1642 2495 pervenerunt
1663 2468 1676 2484 ,
1728 2447 1774 2478 ut
1797 2437 1914 2479 omni
1935 2450 2048 2498 pror·
2090 2463 2094 2515 Ι

442 2497 504 2542 sus
517 2500 641 2543 animi
652 2500 741 2544 luce
751 2500 929 2544 extincta
940 2516 1073 2544 revera
1085 2500 1312 2562 persuasum
1324 2497 1515 2544 haberent
1527 2533 1540 2552 ‚
1557 2504 1598 2544 &
1611 2496 1732 2543 corde
1743 2498 1928 2545 sentirent
1941 2534 1953 2551 ,
1966 2515 2047 2545 non
2090 2518 2093 2538 =

442 2560 516 2609 effe
527 2566 682 2612 Deum.
722 2565 874 2627 Qales
895 2566 1013 2613 etiam
1040 2564 1281 2628 specuiative
1295 2561 1431 2612 atheos
1442 2563 1603 2613 existere
1614 2561 1724 2629 poffc
1736 2579 1821 2609 non
1835 2564 2045 2616 absurdum

1985 2627 2038 2676 est
