2116 2901
406 148 493 197 270
797 129 1430 177 Liss.I.CAPuT
1504 126 1633 175 XL.
1870 121 1873 123 ’
2023 0 2116 202 Η

407 220 516 265 tium
543 213 732 264 admiffio
759 220 801 262 &
826 217 1003 279 acceptio
1026 214 1109 262 est:
1134 228 1181 261 ut
1204 213 1308 261 nihil
1319 215 1460 279 magni
1472 213 1574 262 adeo
1587 210 1794 261 momenti
1807 210 2021 271 contineat,
2060 197 2105 266 13.

409 300 482 330 cur
494 282 718 346 magnifico
731 281 810 329 isto
821 285 958 345 gratiae
971 283 1142 328 nomine
1154 282 1291 327 venire
1302 279 1456 327 debeat.

476 353 639 396 XXIII.
685 352 836 410 thue
859 353 957 395 Deo
981 346 1231 409 hominique
1256 363 1342 392 non
1356 363 1444 392 uno
1458 345 1591 394 modo
1603 346 1749 407 injuria
1761 343 1833 399 est,
1857 349 1900 391 δε
1911 362 2024 392 aino-
2062 350 2068 361 '

409 432 495 461 rem
524 432 569 461 ac
584 429 756 478 gratiam
771 414 854 471 ejus
866 416 977 462 tollit
989 416 1052 460 vel
1065 416 1229 460 inanem
1240 411 1375 459 reddit
1388 447 1400 467 ‚
1426 414 1481 459 ita
1495 414 1716 476 praesertim
1739 425 1936 474 corrupto
1948 409 2026 458 ho-
2067 421 2071 426 ’

410 482 532 527 minis
558 479 678 527 statui
707 480 826 526 unice
853 479 1124 528 adblanditur.
1166 477 1386 541 Qicquid
1398 481 1509 524 enim
1521 477 1572 525 de
1582 481 1710 542 gratia
1722 492 1770 525 ut
1783 479 1934 524 auxilio
1945 479 2024 526 Dei

411 544 621 593 adversarii
645 548 882 593 cavillentur
894 581 907 601 ‚
946 546 1058 592 causa
1080 560 1218 592 tamen
1242 562 1315 590 cur
1328 547 1545 591 communi
1556 544 1632 591 ista
1643 544 1769 608 gratia
1786 548 1927 590 Petrus
1937 559 2021 589 me·
2057 555 2060 558 ⁴

410 614 487 658 lius
503 612 595 658 usus
606 612 742 665 fuerit,
768 628 831 658 ex.
844 630 902 675 gr,
923 628 1049 673 quam
1059 610 1188 677 Judas
1205 613 1222 666 ‚'
1235 610 1308 656 soli
1320 608 1484 656 homini
1496 609 1726 674 deputanda
1737 612 1824 656 erit.
1863 612 1929 657 Ut
1940 610 2023 656 talis

412 679 557 723 electio
581 676 863 741 gravissimum
888 679 1093 740 religionis
1107 691 1227 739 caput
1239 675 1288 723 de
1300 677 1428 740 grati&
1439 678 1524 723 Dei
1535 678 1599 723 vel
1611 676 1793 723 maxime
1809 677 1932 722 violet
1942 710 1955 731 ‚
1979 679 2020 721 &

409 758 612 807 corruptae
626 758 780 790 naturae
794 743 970 790 mirifice
985 742 1306 807 supparasitetur.

475 811 641 859 XXIV.
674 814 732 857 Et
756 827 855 857 vero
882 827 932 856 ex
945 808 1024 855 isto
1037 811 1163 873 capite
1175 825 1380 855 venenum
1392 810 1515 856 traxit
1529 809 1711 855 universa
1723 806 2025 856 Remonstran-

354 924 358 928 ,
408 876 517 921 tium
531 874 765 938 Theologia
778 911 791 931 ,
821 893 893 922 nec
906 877 1134 938 quicquam
1145 875 1226 921 lani
1238 876 1281 920 in
1294 876 1338 920 efi
1352 872 1541 938 superesse
1553 874 1686 938 potest
1702 894 1712 920 ε
1739 890 1825 919 non
1838 876 1947 920 enim
1959 875 2019 920 so.

407 942 500 986 lum
512 942 554 987 in
567 939 733 988 decretis
748 944 830 988 Dei
843 940 1087 1006 explicandis
1099 939 1299 987 haeserunt
1314 975 1326 995 ‚
1353 943 1396 986 in
1409 958 1491 1002 qua
1504 943 1666 987 sublimi
1680 941 1846 988 material
1862 940 2016 986 excusa-

406 1008 489 1053 tius
500 1021 707 1070 peccarent
721 1042 732 1061 ,
747 1007 811 1054 sed
824 1042 836 1062 ‚
853 1006 1039 1054 derivato
1052 1005 1147 1053 hinc
1160 1023 1309 1061 errore,
1326 1021 1478 1054 naturae
1492 1008 1800 1070 corruptionem
1813 1040 1825 1060 ‚
1839 1009 1920 1053 Dei
1930 1023 2016 1069 gra·
2086 1046 2089 1049 .

406 1074 523 1127 tiam,
548 1077 592 1118 &
603 1072 805 1134 quicquid
817 1075 859 1119 in
873 1074 1005 1120 salutis
1027 1072 1226 1136 mysterio
1239 1074 1476 1136 praeclarum
1490 1090 1534 1119 ac
1546 1074 1772 1119 masculum
1785 1071 1842 1117 est
1853 1088 2014 1118 enerva-

409 1152 510 1185 runt
524 1158 534 1184 :
563 1152 687 1200 atque
699 1140 830 1202 ipsum
846 1137 941 1185 fidei
954 1137 1102 1185 nostrae
1116 1141 1283 1202 apicem,
1294 1137 1629 1198 justificationem
1642 1137 1824 1184 hominis
1838 1151 2015 1200 peccato-

407 1205 462 1250 ris
472 1220 614 1250 coram
627 1208 983 1266 De0‚quolomnis
994 1206 1135 1268 religio
1151 1206 1348 1259 collimat,
1364 1219 1487 1267 atque
1498 1207 1569 1252 ubi
1582 1205 1702 1251 unice
1719 1205 1803 1250 vim
1817 1204 1928 1249 suam
1941 1212 2011 1250 ex-

405 1270 551 1332 plicare
562 1268 681 1316 debet
694 1304 706 1324 ,
731 1269 993 1318 defoedarunt
1005 1307 1017 1323 ‚
1043 1276 1086 1316 δε
1100 1269 1220 1317 simili
1232 1271 1318 1316 labe
1329 1270 1554 1319 infecerunt
1566 1288 1577 1323 3
1594 1270 1698 1317 dum
1711 1270 1922 1329 objectum
1934 1270 2007 1315 ele-

408 1336 558 1381 &ionis
582 1334 631 1381 ad
655 1337 782 1382 vitam
808 1337 1030 1400 posuerunt
1043 1338 1119 1384 tale
1131 1370 1144 1391 ‚
1179 1336 1298 1397 quod
1311 1333 1524 1383 neceffario
1538 1337 1656 1384 infert
1667 1335 2007 1396 justificationem,

404 1416 493 1446 non
517 1417 567 1447 ex
580 1404 729 1447 merito
742 1401 899 1449 Christi
915 1406 1123 1466 imputato
1137 1437 1149 1457 ,
1173 1401 1239 1448 sed
1252 1420 1301 1448 ex
1313 1419 1433 1449 novae
1446 1402 1685 1449 obedientiae
1700 1403 1889 1465 operibus
1901 1399 1948 1447 ad
1960 1399 2010 1447 fi·
2023 1453 2028 1457 ,

402 1481 499 1513 nem
524 1468 651 1529 usque
676 1467 881 1530 praestiti53
908 1468 1019 1515 unde
1041 1466 1213 1514 Christo
1226 1470 1268 1513 in
1280 1470 1478 1515 electione
1489 1469 1610 1515 talem
1626 1485 1799 1530 quoque
1823 1465 2019 1514 ordinem*

402 1529 745 1596 affignarunt‚qui
757 1532 818 1580 his
829 1535 1033 1581 erroribus
1045 1536 1301 1586 conveniret3
1320 1551 1393 1580 nec
1406 1548 1492 1581 tam
1506 1533 1723 1581 Christum
1739 1539 1780 1580 δε
1792 1533 1876 1595 ejus
1891 1533 2009 1578 meri-

402 1610 513 1653 tum,
539 1615 668 1660 quam
693 1598 821 1647 fidem
834 1602 875 1646 in
891 1599 1109 1647 Christum
1123 1604 1165 1645 δε
1178 1598 1452 1646 obedientiam
1467 1603 1508 1646 in
1523 1618 1618 1647 eum
1632 1635 1644 1656 ,
1670 1617 1742 1646 nec
1754 1614 1840 1646 tam
1853 1599 1945 1653 Dei,
1964 1613 2006 1645 ac

404 1662 576 1726 quidem
602 1663 784 1711 hominis
794 1665 917 1729 ipsius
928 1683 1032 1730 opus
1044 1669 1089 1712 in
1101 1668 1307 1712 eleffionis
1320 1684 1363 1712 ac
1375 1666 1506 1713 salutis
1517 1669 1688 1731 negotio
1701 1664 1962 1712 considerant.

468 1731 611 1777 XXV.
645 1735 859 1794 Perperam
883 1746 1020 1778 autem
1043 1731 1233 1778 ordinem
1255 1735 1503 1779 executionis
1515 1751 1610 1779 cum
1623 1730 1767 1778 ordine
1778 1730 2005 1778 intentionis

403 1793 671 1842 confundunt
681 1830 694 1848 ,
724 1813 821 1843 cum
835 1811 996 1860 urgent,
1011 1799 1148 1860 quales
1159 1801 1275 1844 Deus
1286 1799 1328 1844 in
1343 1812 1527 1862 tempore
1542 1800 1668 1845 servat
1681 1803 1724 1844 &
1735 1797 1866 1861 perdit
1879 1830 1892 1851 ,
1914 1796 2002 1841 tales

403 1861 456 1908 ab
467 1875 621 1909 aeterno
634 1863 783 1908 servare
794 1865 857 1908 vel
868 1862 1032 1927 perdere
1042 1861 1277 1916 decreviffe3
1304 1864 1410 1910 solos
1423 1878 1558 1913 autem
1572 1867 1613 1910 in
1628 1863 1712 1911 fide
1723 1865 1999 1926 perseverantes

404 1928 448 1973 in
461 1941 646 1990 tempore
658 1927 820 1974 servare.
856 1931 978 1976 Alius
989 1932 1100 1976 enim
1113 1928 1171 1976 est
1183 1927 1291 1975 ordo
1304 1932 1551 1977 executionis
1561 1965 1575 1986 ,
1615 1936 1656 1977 &
1669 1929 1830 1976 diversae
1845 1928 1900 1974 ibi
1911 1942 2000 1972 cau-

402 1992 453 2039 sae
476 1991 718 2040 intercedere
741 1991 908 2056 possunt
919 2031 932 2047 ,
959 2012 1053 2057 quae
1076 2008 1212 2042 tamen
1236 1997 1278 2040 in
1303 1997 1390 2058 ipso
1404 1995 1567 2044 decreto
1582 1999 1665 2044 Dei
1676 1998 1817 2042 locum
1834 2009 1917 2040 non
1929 1990 1998 2038 ha-

403 2059 505 2105 bent
519 2078 529 2105 :
555 2075 649 2120 quae
660 2075 747 2104 non
760 2061 846 2107 satis
858 2060 1118 2124 distinguunt
1130 2060 1337 2108 adversarii
1349 2078 1361 2114 3
1387 2075 1510 2124 atque
1521 2061 1586 2109 hic
1598 2077 1811 2126 perpetuus
1821 2060 1995 2123 ipsorum
2015 2105 2020 2115 ,

403 2128 447 2171 in
460 2123 534 2171 hac
546 2126 711 2171 materia
725 2127 1013 2190 paralogismus
1036 2126 1107 2173 est.
1143 2129 1431 2191 Reliquorum
1458 2146 1647 2177 errorum
1674 2125 1994 2176 secundariorum

401 2190 733 2243 confutationem
745 2207 856 2241 nunc
868 2191 1028 2242 miffam
1039 2192 1222 2249 facimus,

1859 2468 1990 2515 Lo-
