2116 2901
88 145 161 192 DE
183 145 378 190 D1V1NA
401 142 881 187 PRAEDESTINATIONE‚
908 137 951 181 &
974 148 1229 182 SPEC1AT1M
1264 133 1555 185 ELECTIONE.
1595 151 1680 199 249

91 226 336 276 raedestinata
358 224 438 271 sint
461 258 474 278 ,
509 240 595 269 non
620 222 752 286 potest
774 221 1074 285 praedestinatio
1086 222 1181 270 inde
1191 224 1364 272 demum
1376 226 1582 280 inchoari3
1598 228 1675 274 nifi

52 244 206 344 Ecum
219 294 336 338 nullo
350 289 432 336 fine
444 295 486 336 &
498 289 625 336 ferme
637 287 784 334 frustm}
796 287 869 334 ista
881 286 1093 335 decrevisse
1106 323 1117 343 ,
1131 294 1174 335 &
1186 288 1419 338 humanum
1432 310 1558 356 genus
1570 311 1673 340 con-

62 356 200 408 didisse
213 393 224 412 ‚
251 363 294 403 &
317 357 472 420 lapsum
494 354 577 412 ejus
602 351 728 400 sivisse
739 353 944 405 dicamus;
971 356 1036 399 cui
1050 356 1060 399 i
1066 355 1129 417 pse
1141 370 1307 402 eventus
1320 374 1532 422 repugnat.
1566 362 1673 406 Finis

62 439 196 473 autem
210 428 306 470 Deo
320 422 466 486 dignus
478 420 654 466 istorum
667 436 839 483 operum
854 436 904 465 ne
915 421 1085 482 cogitari
1097 419 1267 481 quidem
1280 423 1413 485 potest
1434 458 1447 478 ‚
1460 424 1534 470 nifi
1548 427 1613 470 illa
1625 439 1681 471 ut·

63 489 194 538 media
206 491 396 553 partialia,
410 486 461 533 ad
474 488 686 532 summum
698 483 1059 548 praedestinationis
1073 484 1201 532 finem
1214 486 1401 535 ducentia
1414 489 1672 536 confideren-

63 571 131 604 tur
144 591 155 612 ‚
190 571 278 616 quo
290 557 411 600 etiam
425 551 643 598 manifest&
657 549 928 597 tetenderunt.
965 552 1114 598 Dicere
1125 554 1235 597 enim
1250 552 1376 599 finem
1390 557 1600 602 creationis
1612 571 1672 603 at-

64 639 143 685 que
165 621 291 683 lapsus
313 616 427 666 fuisse
448 621 490 664 in
514 619 732 664 communi
745 616 998 663 manifestare
1021 618 1196 680 gloriam
1211 620 1298 665 Dei
1321 624 1364 664 δε
1388 620 1674 669 infirmitatem

7 680 9 684 ¹
65 701 250 734 creaturae
263 720 275 741 ‚
310 702 396 731 non
411 683 589 730 satisfacit
604 703 613 728 :
629 700 725 728 cum
738 682 937 744 posterius
948 682 1051 729 illud
1063 700 1150 730 non
1164 687 1246 730 Dei
1258 686 1437 748 proprie,
1454 686 1518 733 {ed
1532 686 1674 733 homi-

23 783 27 786 ·
66 755 126 800 nis
149 754 283 815 potius
296 750 388 796 finis
401 750 472 802 fit;
503 755 544 796 δε
561 750 795 795 communis
809 750 874 793 ille
896 762 1114 812 conceptus
1125 750 1176 796 de
1200 750 1435 797 illustranda}
1448 755 1529 798 Dei
1538 754 1671 816 glori&

67 821 109 866 in
131 834 272 881 genere
284 818 404 862 nimis
415 833 538 878 vagus
550 814 606 861 est
620 849 632 869 ‚
670 829 792 875 atque
805 818 948 860 Deum
962 832 1081 875 aeque
1095 817 1297 862 incertum
1310 819 1429 879 ponit
1440 854 1452 869 ‚
1490 835 1561 864 nec
1575 836 1671 865 cum

67 885 208 931 naturai
219 883 304 942 ejus
319 884 511 928 convenit
526 898 537 933 3
563 898 660 926 cum
673 884 789 926 Deus
801 878 1019 926 intenderit
1029 881 1242 943 specialiter
1254 883 1537 930 misericordiae
1551 899 1673 945 atque

19 956 39 1009 'g
64 949 226 1011 justitia:
250 950 327 995 suae
351 949 525 1011 gloriam
550 963 729 992 exercere
741 980 754 1000 ,
779 945 830 992 ad
842 963 970 1007 quem
983 947 1061 1009 ipse
1073 964 1246 1008 quoque
1256 949 1382 1010 lapsus
1394 949 1597 1012 specialem
1611 967 1675 995 re-

20 1015 23 1022 “
67 1017 247 1080 Γρεᾶυιῃ
271 1029 393 1076 atque
417 1013 609 1059 ordinem
633 1010 776 1057 habuit
788 1029 799 1063 3
827 1028 916 1072 quo
940 1013 982 1057 in
996 1011 1140 1058 ordine
1153 1029 1232 1059 una
1245 1031 1341 1060 cum
1354 1017 1520 1078 reliquis
1533 1014 1675 1063 mediis

68 1083 182 1146 poni,
195 1095 317 1143 atque
330 1082 386 1125 illi
399 1078 473 1124 fini
489 1075 744 1124 subordinari
757 1075 888 1123 debet.

129 1151 248 1194 XVI.
283 1151 434 1207 Neque
459 1145 597 1208 magni
610 1141 709 1189 adeo
723 1145 927 1191 momenti
941 1144 1032 1191 sunt
1056 1162 1149 1206 quae
1162 1147 1212 1192 ab
1224 1145 1385 1194 adverffi
1398 1163 1507 1211 parte
1518 1148 1674 1211 produ-
1704 1155 1849 1195 Sublatis

19 1252 21 1258 ,
69 1228 228 1260 cuntur.
264 1216 313 1258 In
335 1225 498 1275 peccato
523 1208 694 1271 quidem
718 1211 905 1272 concepti
927 1225 1039 1256 erant
1055 1213 1222 1273 *gemelli
1234 1211 1313 1267 isti,
1327 1231 1434 1274 quos
1446 1219 1484 1260 A
1492 1215 1676 1277 postolus
1705 1212 1893 1260 comma-'cs'

70 1282 202 1327 Rom.
216 1295 259 1335 9:
280 1295 334 1324 11.
358 1291 556 1338 tanquam
582 1273 942 1339 praedestinationis
964 1280 1339 1341 typos&exempla
1364 1279 1579 1342 producit3
1608 1299 1676 1327 ve-
1701 1268 1894 1369 amesia*

1820 1348 1833 1368 )

70 1361 162 1391 rum
188 1345 281 1390 tales
304 1360 353 1389 eo
378 1346 475 1389 loco
499 1358 586 1386 non
612 1340 941 1395 considerantur,
971 1341 1036 1387 sed
1060 1357 1107 1389 ut
1130 1352 1201 1405 qui
1213 1345 1381 1390 necdum
1395 1345 1484 1391 boni
1496 1365 1564 1392 nec
1576 1351 1678 1393 mali
1702 1375 1875 1426 lempna„

70 1419 284 1474 quicquam
288 1411 463 1472 fhctffl’nt
475 1425 487 1461 3
503 1414 545 1454 ὃ(
559 1424 722 1452 merum
735 1421 898 1453 tantum
911 1409 994 1453 Dei
1007 1407 1303 1471 beneplacitum
1315 1413 1676 1474 acproposttumft-

70 1478 242 1524 cundum
256 1477 477 1521 elefbionem
493 1472 721 1538 Apostolus
732 1474 788 1518 ibi
801 1488 929 1536 urget.
967 1474 1159 1520 Similiter
1170 1475 1268 1533 vastz
1281 1483 1342 1521 irae
1355 1483 1402 1529 ὠ
1416 1479 1676 1535 mifiricordiae

26 1564 27 1567 ¹
72 1543 338 1606 appellantur3
365 1558 510 1587 verum
533 1539 603 1586 etfi
616 1541 674 1585 ira
687 1541 747 1584 vel
760 1537 1032 1585 misericordia
1054 1541 1156 1585 circa
1168 1538 1383 1587 hominem
1399 1544 1491 1588 actu
1504 1547 1676 1591 exerceri

73 1623 156 1653 non
181 1605 302 1670 poffit
314 1642 326 1662 ‚
351 1606 425 1653 nifi
448 1620 601 1653 creatus
625 1610 668 1650 &
691 1606 817 1668 lapsus
832 1604 879 1650 fit
893 1639 904 1659 ‚
928 1603 978 1650 ad
990 1603 1273 1651 misericordiae
1285 1621 1421 1653 tamen
1445 1613 1488 1654 &
1509 1607 1674 1668 justitiae

30 1696 31 1701 ¹
72 1675 151 1721 Dei
163 1675 334 1735 gloriam
348 1672 535 1719 destinari
549 1685 706 1735 poterat
719 1705 731 1727 ‚
744 1669 814 1717 etfi
828 1669 1021 1716 nondum
1035 1685 1185 1718 creatus
1197 1673 1263 1718 vel
1274 1674 1402 1737 lapsus
1414 1709 1426 1726 ‚
1444 1691 1516 1720 nec
1529 1689 1575 1720 ut
1588 1678 1676 1722 talis

72 1738 337 1786 consideratus
359 1739 492 1785 fuerit.

134 1808 274 1852 XVII.
309 1810 454 1866 Atque
466 1803 659 1850 haetenus
671 1802 842 1865 quidem
854 1801 1074 1865 discrepant
1086 1801 1178 1850 duae
1192 1803 1275 1850 istae
1289 1800 1493 1853 sententiae
1506 1841 1518 1861 ‚
1547 1810 1590 1854 in
1605 1825 1675 1854 or-
1706 1812 1885 1863 Vtriusque

73 1868 254 1918 dinandis
277 1870 393 1917 videl.
410 1876 452 1917 ὅ(
463 1869 722 1933 disponendis
734 1868 900 1915 decretis
911 1871 1018 1924 Dei,
1033 1870 1096 1914 vel
1109 1868 1286 1927 ejusdem
1300 1870 1447 1917 decreti
1460 1874 1574 1933 quali
1589 1891 1678 1938 par-
1702 1869 1869 1929 senten-tia

27 1966 29 1983 !
72 1936 200 1984 tibus:
226 1939 474 1998 caeteroquin
499 1950 641 1982 neutra
664 1952 752 1999 pars
775 1933 984 1981 decretum
997 1937 1260 1981 creationis&
1274 1935 1680 2003 permiffionislapsus
1708 1922 1845 1961 ‘dmm‘

30 2025 32 2038 ι
74 2016 188 2065 negat
201 2036 213 2057 ‚
236 2019 378 2048 verum
403 2004 522 2049 altera
544 2000 647 2047 illud
660 2000 710 2047 ad
722 1999 1120 2063 praedestinationem
1134 2035 1147 2054 ‚
1185 2015 1232 2046 ut
1246 2001 1480 2048 mediorum
1493 2004 1576 2064 ejus
1589 2023 1693 2069 par-¹

74 2082 170 2122 tem,
193 2069 309 2113 altera
321 2069 422 2114 vero
435 2070 514 2114 alio
527 2069 724 2130 pertinere
737 2065 874 2112 statuit
885 2100 898 2119 ‚
927 2079 1049 2127 atque
1074 2068 1153 2112 alio
1177 2081 1339 2113 tantum
1364 2068 1509 2114 ordine
1520 2070 1678 2134 digerit.

75 2137 135 2180 Ita
146 2135 263 2179 etiam
276 2148 448 2196 utraque
459 2134 649 2179 sententia
662 2132 849 2179 homines
873 2135 970 2178 Deo
994 2131 1291 2194 praedestinanti
1313 2133 1456 2191 objicit
1479 2150 1678 2197 tanquam

75 2214 180 2262 pares
202 2203 243 2244 δε
256 2202 424 2260 aequales
434 2217 446 2252 ;
473 2205 515 2245 δε
527 2201 579 2246 ita
595 2198 918 2261 §pelagianismo
931 2200 1075 2260 pariter
1098 2197 1331 2261 longiffime
1346 2201 1487 2246 absunt
1503 2220 1511 2245 :
1538 2202 1679 2263 estque

76 2266 116 2310 in
138 2261 210 2310 hac
232 2282 276 2310 re
297 2266 480 2312 summus
504 2263 867 2311 Orthodoxorum
881 2263 1113 2316 consensus;
1131 2278 1177 2309 ut
1188 2266 1335 2318 levem,
1351 2260 1546 2329 qui-apud
1559 2270 1681 2312 cosin

44 2348 45 2354 ¹
73 2326 256 2376 altissimo
278 2329 357 2378 hoc
369 2330 570 2378 docftrinae
584 2332 709 2393 capite
722 2328 854 2384 restat,
867 2325 1099 2385 dissensum,
1116 2346 1208 2375 non
1223 2328 1323 2376 adeo
1339 2334 1529 2378 extollere
1543 2338 1583 2378 ἃ
1599 2334 1676 2379 cri-

82 2397 220 2441 minari
234 2395 572 2444 Remonstrantes
584 2395 812 2443 debuerint.
948 2440 957 2443 ,
1499 2393 1506 2400 ’

142 2462 302 2509 XVIII.
337 2465 528 2524 Sequitur
549 2462 773 2508 Eleffionis
794 2459 925 2519 cauſsz.
964 2460 1156 2508 Efficiens
1167 2462 1251 2521 ejus
1263 2462 1319 2508 est
1332 2466 1461 2516 Deus,
1475 2469 1604 2516 Pater,
1620 2464 1684 2510 Fi·
1716 2470 1880 2511 Elefiionsss

48 2547 49 2550 ¹
81 2525 171 2581 lius,
196 2532 237 2572 ὃ(
250 2531 316 2590 Sp.
328 2532 367 2575 S.
385 2533 506 2575 ⁴-Cum
519 2530 630 2575 enim
646 2526 860 2573 consilium
877 2526 958 2574 hoc
968 2530 1105 2591 gratiae
1120 2527 1348 2574 exercendae
1363 2531 1384 2574 ᾗ
1399 2533 1495 2575 Deo
1509 2531 1683 2575 aberter-
1717 2538 1738 2560 ⁰
1754 2539 1766 2556 ¹⁵
1816 2540 1853 2561 ἢ

82 2606 139 2636 no
161 2591 396 2656 dispositum
418 2593 469 2642 fit
492 2611 562 2659 per
583 2594 764 2657 modum
788 2593 1049 2642 Testamenti
1075 2594 1140 2641 seu
1165 2595 1386 2643 voluntatis
1401 2597 1680 2649 immutabilis,
1720 2579 1861 2627 efficen-

99 2679 101 2681 ·
148 2687 150 2689 >
1038 2664 1059 2708 Ι
1088 2661 1102 2705 i
1517 2666 1557 2706 ἅ-
1573 2661 1685 2721 quel-i
