2111 3104
254 202 339 248 DE
376 201 844 250 EN-rnusmsms
881 218 952 249 Ac
988 202 1434 251 L1BERT1N19.'
1614 223 1662 266 51

34 288 187 352 periori
209 289 352 336 saeculo
366 289 445 336 fuit
459 292 608 336 David
619 295 772 355 Georgii
787 324 800 345 ‚
825 289 1086 351 ejusdemque
1099 293 1314 338 commatis
1324 291 1495 338 habetur
1506 295 1659 338 Henri-

35 371 109 401 cus
133 359 295 400 Nicolas·
309 390 322 410 ‚
347 360 390 401 &
412 372 506 416 quae
530 357 581 402 ab
592 373 642 401 eo
655 355 838 402 instituta
841 358 1009 417 familia
1033 356 1265 411 charitatis,
1289 359 1506 418 itemquea
1520 360 1660 404 multis

44 420 333 474 Coornhertus,
358 422 522 481 aliique.
557 423 914 467 Succenturiantur
934 423 1057 467 etiam
1080 422 1180 477 illis,
1207 424 1282 484 qui
1302 421 1428 468 hodie
1450 425 1494 470 in
1518 425 1659 470 Gallia

41 486 189 546 Deistae,
204 488 595 549 Spiritusquefortes,
608 488 870 549 appellantur.

108 555 184 598 IV.
211 555 401 597 Statuunt
414 566 550 597 autern
563 550 605 597 hi
619 586 632 604 ,
646 566 789 614 praeter
800 553 1048 616 Scripturam
1060 554 1212 613 requiri
1227 552 1335 599 aliud
1347 555 1521 600 verbum
1534 556 1658 601 inter·
1679 550 1817 590 lllorum

40 632 159 670 num,
174 617 194 660 a
209 620 305 662 Deo
329 615 552 662 hominum
576 618 781 664 mentibus
804 617 1041 665 immediate
1066 617 1298 680 suggestum
1312 653 1324 673 ,
1351 618 1401 664 ad
1425 620 1544 680 quod
1557 622 1660 667 Scri·
1677 607 1820 669 uerbum

43 695 171 744 pturae
197 681 324 727 sensus
345 683 601 744 explicentur
627 717 640 737 ,
674 683 739 728 seu
762 685 899 745 potius
921 697 1118 744 tanquam
1142 680 1368 745 imperfeffi
1391 688 1659 748 corrigantur.
1681 673 1864 699 znternum.

45 745 178 793 Unde
189 748 360 792 verbum
372 762 585 793 externum
596 748 772 794 litteram
784 763 947 794 tantum
960 751 1108 794 volunt
1119 745 1193 793 effe
1205 764 1414 796 mortuam
1430 785 1442 805 ‚
1468 757 1511 796 δε
1523 754 1555 797 al
1560 750 1659 814 pha-

44 812 294 858 betariorum
318 811 548 860 rudimenta
569 848 583 865 ‚
627 813 793 875 ejusque
816 815 938 859 usum
962 816 1147 876 regenitis
1169 819 1210 859 δε
1235 815 1417 877 perfeffis
1442 818 1517 862 suis
1539 818 1658 880 plane

45 875 246 923 adimunt.
509 911 520 921 .

111 947 167 989 V.
203 941 409 989 Pontificii
432 960 555 999 vero,
583 959 726 1007 praeter
737 945 861 991 libros
874 942 1278 1009 striptos,neceffarias
1289 944 1364 992 esse
1374 949 1524 995 volunt
1535 947 1659 995 tradi·
1684 960 1699 984 ¹
1713 959 1742 1013 ¹4
1762 949 1878 987 Ponti-

43 1007 173 1055 tiones
185 1025 271 1054 non
284 1009 455 1071 scriptas,
469 1027 563 1070 quae
577 1026 713 1072 parem
727 1028 822 1056 cum
837 1013 1040 1074 Scriptura
1053 1013 1337 1058 a116toritatem
1351 1011 1537 1060 habeant.
1671 1003 1744 1067 fif&
1752 1015 1854 1067 Μ’..

111 1078 153 1120 V
166 1078 200 1119 Ι.
234 1077 505 1121 Conveniunt
528 1092 626 1138 ergo
637 1077 680 1121 in
693 1093 742 1121 eo
756 1078 922 1139 utrique
935 1111 947 1131 ‚
971 1075 1090 1138 quod
1103 1079 1351 1140 Scripturam
1378 1078 1659 1141 imperfestam
1678 1059 1866 1150 Ξζὲἷῖνῖζ

44 1135 119 1184 effe
140 1141 289 1194 velint,
315 1154 437 1200 atque
459 1142 577 1186 aliam
601 1156 790 1203 praeterea
803 1140 900 1187 fidei
912 1159 1105 1188 normam
1119 1158 1317 1203 quaerant.
1352 1148 1402 1189 In
1427 1143 1508 1190 hoc
1521 1160 1657 1192 autem
1678 1167 1877 1205 convenien-

46 1201 242 1251 diffiliunt
255 1239 267 1259 ‚
291 1203 408 1266 quod
432 1222 521 1251 earn
545 1207 745 1253 Libertini
757 1209 799 1252 in
813 1209 942 1253 verbo
956 1213 998 1254 &
1010 1207 1208 1253 instinetu
1219 1210 1381 1255 interno
1393 1209 1657 1264 constituant,
1677 1225 1730 1259 tia

40 1269 246 1317 Pontificii
259 1272 299 1315 in
313 1269 601 1319 traditionibus
617 1291 626 1316 :
644 1273 844 1319 Libertini
860 1273 1047 1336 spiritum
1060 1276 1268 1337 privatum
1282 1274 1446 1338 singulis
1473 1274 1657 1322 homini·
1678 1274 1724 1321 ό·
1743 1275 1865 1337 df'firss·

46 1334 120 1380 bus
139 1370 150 1389 ‚
164 1335 370 1382 Pontificii
382 1353 481 1382 vero
494 1335 679 1393 ecclefiae‚
693 1340 883 1393 concilio,
897 1340 960 1384 vel
971 1344 1088 1402 Papae
1101 1340 1283 1386 tribuant
1299 1360 1308 1385 :
1334 1341 1537 1402 quodque
1549 1341 1658 1405 apud
1672 1339 1803 1381 pamm·

43 1401 274 1447 Libertinos
287 1402 444 1464 spiritus
456 1403 521 1447 ille
533 1401 582 1448 fit
594 1420 718 1466 vagus
733 1437 745 1458 ,
759 1402 868 1466 apud
881 1403 1122 1450 Pontificios
1134 1404 1317 1451 astriecus
1329 1405 1526 1453 cathedrae
1541 1410 1659 1453 alicui

47 1481 90 1511 ac
113 1464 213 1517 sedi3
245 1482 365 1527 atque
387 1466 489 1513 adeo
515 1467 572 1513 ibi
595 1470 737 1532 religio
750 1471 899 1515 incerta
911 1475 954 1515 δε
966 1487 1015 1516 ex
1029 1471 1197 1517 arbitrio
1210 1471 1406 1533 cujusque
1417 1471 1660 1537 dependens,

46 1529 113 1577 hic
125 1546 257 1577 autem
270 1534 446 1578 violenta
457 1538 499 1578 δε
510 1536 721 1595 tyrannica
732 1534 1030 1582 introducatur.

111 1601 152 1644 V
164 1602 183 1642 I
197 1601 231 1642 Ι.
254 1602 310 1643 Et
322 1596 676 1644 Enthufiastarum
689 1599 860 1661 quidem
873 1601 1062 1648 sententia
1074 1618 1159 1648 non
1174 1601 1306 1649 modo
1318 1602 1491 1658 falsaJed
1504 1609 1547 1651 &
1560 1621 1662 1651 vana
1680 1611 1870 1664 Ewaehufia-

46 1664 90 1708 &
113 1660 230 1708 stulta
251 1662 321 1710 est.
355 1663 465 1710 Illud
489 1666 599 1710 enim
626 1667 799 1711 verbum
823 1668 1031 1713 internum
1045 1682 1115 1714 aut
1126 1668 1282 1714 sensum
1294 1667 1414 1715 habet
1426 1671 1660 1734 intelligibi·
1673 1673 1808 1719 starum

47 1729 127 1773 lem
139 1762 151 1782 ,
166 1743 233 1774 aut
245 1745 329 1774 non
345 1732 360 1775 ξ
376 1729 405 1775 fi
418 1732 543 1793 prius,
558 1744 651 1776 tum
664 1732 791 1776 verbo
806 1735 978 1796 exprimi
991 1734 1192 1796 &scripto
1205 1733 1432 1797 confignari
1445 1736 1578 1799 potest
1590 1770 1602 1790 ‚
1616 1741 1658 1782 &
1671 1725 1810 1774 smmi*

47 1793 102 1838 ita
112 1795 185 1839 erit
195 1795 366 1840 verbum
379 1811 594 1844 externum
607 1801 649 1841 &
660 1797 854 1860 scriptum
867 1815 879 1850 3
896 1798 1015 1859 quod
1026 1813 1164 1845 tamen
1176 1801 1231 1845 illi
1244 1800 1430 1860 rejiciunt
1445 1821 1454 1847 :
1481 1801 1512 1848 fi
1524 1800 1659 1865 poste·
1678 1780 1831 1875 :Zm‘m‘

0 1898 1 1901 ,
51 1859 131 1904 rius
140 1893 151 1911 ‚
174 1874 264 1906 tum
278 1877 326 1906 ne
339 1861 506 1923 quidem
520 1863 694 1907 verbum
707 1865 795 1918 erit,
808 1863 872 1909 sed
884 1865 1086 1926 vigilantis
1095 1865 1319 1913 somnium.
1740 1860 1752 1875 ’

114 1928 267 1972 VIII.
299 1932 489 1974 Praeterea
510 1928 702 1974 sententia
724 1927 810 1975 haec
831 1929 992 1976 summe
1015 1931 1236 1994 periculosa
1258 1933 1317 1979 est
1330 1966 1343 1987 ‚
1367 1951 1464 1982 cum
1486 1950 1556 1997 per
1567 1950 1658 1982 eam

0 2030 1 2035 ,
48 2005 133 2035 non
159 1991 290 2038 solum
312 1995 453 2058 religio
476 1993 588 2040 fluxa
600 1999 643 2040 &
655 1996 804 2040 incerta
818 2029 831 2050 ‚
844 1994 909 2041 sed
920 1997 1082 2058 prorsus
1093 1997 1203 2042 nulla
1216 1996 1266 2043 fit
1281 2019 1291 2044 .·
1316 2003 1469 2064 quippe
1482 2017 1578 2046 cum
1592 2001 1659 2046 illa

0 2093 1 2116 3
45 2056 69 2101 a
90 2058 247 2118 privato
270 2058 463 2121 cujusque
484 2060 625 2123 spiritu
647 2064 690 2105 &
713 2061 841 2106 verbo
864 2062 1026 2107 interno
1049 2060 1308 2122 dijudicanda
1319 2067 1540 2118 statuatur;
1556 2064 1660 2112 illud

46 2136 180 2169 autern
193 2124 322 2185 ipsum
334 2127 488 2170 nullam
501 2140 613 2171 extra
624 2126 660 2171 se
671 2142 863 2173 normam
877 2163 889 2180 ‚
917 2128 939 2172 a
961 2128 1045 2189 qua
1057 2127 1293 2191 dependeat,
1307 2132 1462 2179 habeat.
1498 2136 1660 2179 Contra

46 2190 256 2235 monitum
280 2189 475 2253 Apostoli
491 2190 694 2256 Johannis
707 2226 719 2246 ,
732 2197 803 2239 Ne
814 2193 1104 2258 cuivisspiritui
1116 2196 1259 2242 credite
1272 2233 1284 2253 ‚
1298 2199 1368 2256 ftd
1377 2198 1541 2262 probate
1542 2202 1661 2261 spiri-

49 2269 114 2300 tus
137 2272 189 2298 an
213 2273 262 2300 ex
287 2261 372 2302 Deo
384 2259 484 2318 fint.
524 2256 668 2321 1.Joh.
683 2274 727 2318 4:
747 2276 782 2305 1.
817 2263 861 2304 ὅ(
885 2261 1000 2305 Pauli
1022 2258 1185 2306 diffum
1207 2295 1220 2315 ‚
1249 2273 1321 2327 qus'
1331 2267 1491 2311 adultos
1497 2280 1660 2327 propter

45 2319 228 2366 habitum
251 2321 386 2379 sinsin
407 2331 638 2369 exercitatos
662 2324 805 2371 habere
835 2325 930 2371 dicit
953 2359 966 2379 ,
993 2327 1051 2372 ad
1070 2325 1336 2384 diftretionem
1360 2330 1450 2376 honi
1474 2338 1522 2385 φ’»
1545 2332 1659 2376 mali.

2 2423 3 2427 η
45 2386 177 2433 Hebr.
205 2402 243 2445 5:
275 2404 337 2448 14.
375 2387 507 2436 Unde
529 2389 601 2433 illo
626 2392 826 2453 principio
848 2390 968 2437 semel
980 2389 1152 2437 admisso
1165 2395 1300 2443 nullus
1313 2395 1369 2442 est
1382 2395 1538 2442 errandi
1552 2394 1661 2451 finis,

2 2476 4 2480 ·
46 2455 245 2514 nulloque
266 2456 455 2518 repagulo
476 2454 654 2502 lubricus
677 2454 859 2504 hominis
878 2458 1104 2505 intellectus
1124 2463 1289 2521 reprimi
1314 2477 1383 2509 aut
1394 2464 1571 2509 co’e'rceri
1581 2478 1660 2525 po-

44 2520 150 2565 terit.

114 2588 197 2630 IX.
237 2585 356 2648 Qiin
380 2591 423 2633 δε
446 2590 673 2650 retorqueri
696 2589 739 2635 in
763 2589 1005 2637 adversarios
1027 2590 1160 2653 potest
1183 2595 1363 2657 privatus
1386 2594 1451 2641 hic
1474 2594 1658 2658 spiritus:

50 2666 185 2714 quum
205 2653 314 2701 enim
339 2654 397 2706 'ilfi
406 2655 526 2706 suum
538 2669 700 2720 urgent,
712 2671 787 2705 nos
797 2655 990 2706 nostrum
1000 2656 1093 2720 ipfis
1105 2674 1313 2726 opponere
1325 2659 1537 2728 possumus
1549 2659 1663 2721 spiri-

932 2724 980 2773 G
1017 2740 1041 2772 2.
1549 2739 1658 2785 tum,
