2116 2901
400 129 496 184 406
822 123 861 167 L
894 135 918 166 >1
956 123 1127 167 afr...
1155 110 1266 167 :esa
1301 135 1395 166 1›-0
1430 137 1462 167 τ
1490 122 1551 175 ,,Ῑ
1583 123 1663 168 v„
1704 138 1713 169 ς

216 1596 326 1633 fluvii
335 1573 412 1633 ‘Pa-

213 1649 333 1700 radifi.

477 205 556 249 IV.
595 198 727 247 Unde
739 200 786 246 de
784 202 873 261 fita
888 197 1062 245 Paradifi
1075 215 1124 245 ex
1139 213 1249 262 parte
1261 198 1446 245 constare
1461 197 1615 263 potest:
1628 196 1679 244 de
1691 214 1782 260 quo
1795 199 1901 245 varie
1915 217 2031 262 quae..

414 266 539 314 situm
565 265 656 312 suit.
694 267 762 312 Ut
786 265 895 310 enim
911 265 1133 318 Philonem,
1150 268 1371 329 Originem,
1399 266 1642 327 aliosquese'x
1656 266 1857 312 veteribus
1868 280 2031 327 praeter-

413 350 502 379 eam
517 368 529 387 ,
553 334 627 394 qui
651 333 865 377 veritatem
890 329 1070 377 historiae
1095 332 1292 394 allegoriis
1315 331 1391 377 suis
1416 345 1687 394 corruperunt
1704 348 1716 383 ;
1741 335 1783 376 δέ
1798 330 2032 379 Paradisum

414 399 562 465 ipsum<
571 400 725 460 coelum
751 394 826 442 esse
847 395 1044 443 dixerunt
1059 399 1261 462 aqua-dan?
1273 402 1350 460 pro
1365 408 1460 444 toto
1473 412 1674 443 terrarum
1685 397 1786 442 orbe
1799 430 1812 452 ,
1847 399 1976 458 qualis
1987 401 2031 445 in

416 465 611 527 prim-:eva
623 465 688 510 sua
699 458 1006 525 pulchrit‘udine
1019 477 1101 509 erat
1113 497 1126 518 ‚
1161 458 1458 524 hun'ehorturn
1471 459 1709 526 acceperunt
1721 498 1733 518 ,
1770 479 1863 524 quae
1876 462 2032 511 senten-

415 533 469 577 tia
494 533 620 576 etiam
646 527 822 592 Iosepho
836 563 848 583 ‚
885 527 953 574 sed
964 536 1051 574 non
1064 538 1117 575 εκ·
1127 536 1246 583 Vero,
1267 527 1526 579 adscribitur:
1553 533 1623 575 alii
1634 530 1676 574 in
1690 531 1857 575 remotis
1868 533 1908 575 ὃ(
1923 532 2033 578 inac-

417 594 526 642 ceffis
550 598 677 647 terris,
706 597 810 641 ultra
834 595 979 652 orbem
1006 593 1117 656 hunc
1141 593 1345 646 nostrum,
1372 609 1495 656 atque
1519 596 1623 640 ultra
1648 599 1885 650 Oceanum,
1911 611 2034 644 terras

418 679 562 708 omnes
574 663 763 725 amplexu
777 661 850 706 suo
866 660 1143 724 stringentem,
1160 662 1404 724 patentibus,
1421 662 1540 706 illum
1551 662 1755 707 collocant
1769 680 1785 706 :-
1809 664 1880 706 alii
1892 665 1935 707 in
1948 680 2034 709 coe—

416 730 446 774 li
460 729 587 791 spatiis
601 763 612 782 ‚
639 728 712 773 sub
723 729 830 772 lunae
844 727 993 783 orbem
1003 744 1015 778 3
1042 728 1105 773 vel
1117 729 1240 773 etiam
1252 729 1294 773 in
1307 729 1424 774 tertia
1435 730 1535 773 aeris
1545 729 1711 790 regione
1723 759 1738 782 ‚
1762 727 1832 772 ubi
1845 743 2033 792 perpetu-

419 811 494 840 um
517 796 702 844 serenum
726 793 808 839 est:
835 795 1005 856 quidam
1027 792 1206 854 denique
1228 794 1271 839 in
1296 794 1396 839 orbe
1419 794 1539 839 nobis
1562 807 1731 855 cognito
1744 827 1757 848 ‚
1794 793 1868 840 sub
1878 796 2034 842 circulo

419 861 715 922 aequinoffiali,
728 861 845 915 veljn
860 875 974 915 novo
987 860 1103 914 orbe,
1116 861 1179 905 vel
1189 860 1230 906 in
1244 860 1379 905 insulis
1391 859 1807 922 fortunatis,ponunt.

415 965 420 969 i
487 931 543 973 V.
579 927 755 973 Rectius
781 940 934 980 autem,
959 931 1002 970 &
1014 929 1183 990 propius
1193 924 1243 971 ad
1257 923 1485 979 historiam,
1500 927 1643 972 sentire
1655 926 1714 970 illi
1727 924 1933 982 videntur,
1960 930 2035 988 qui
2074 973 2079 976 ,

416 994 736 1055 ῙΛεΓοΡοῑωῃίεε
750 1008 878 1055 prope
891 992 1152 1055 Babylonem
1164 993 1282 1038 illum
1293 990 1516 1038 vindicant.
1552 992 1625 1037 Illa
1637 992 1748 1036 enim
1761 990 2035 1043 amoenissima

421 1074 621 1105 terrarum
646 1059 760 1120 plaga
781 1072 863 1103 erat
878 1057 1051 1104 Paradifi
1063 1057 1168 1106 sedes
1178 1093 1192 1113 ,
1224 1063 1272 1104 &
1284 1061 1519 1122 primorum
1533 1058 1772 1103 mortalium
1785 1055 2035 1106 habitatione

419 1123 666 1189 digniffima.
702 1125 850 1185 Ibique
871 1124 1027 1171 Edenis
1048 1126 1161 1186 regio
1174 1159 1186 1180 ‚
1224 1127 1246 1171 a
1272 1127 1484 1187 voluptate
1509 1128 1552 1169 &
1576 1125 1814 1170 amoenitate
1826 1127 2035 1189 appellata,

421 1193 604 1238 occurrit
620 1210 629 1236 ε
658 1209 695 1236 2.
712 1194 822 1253 Reg.
843 1208 909 1248 19:
931 1208 994 1237 12.
1030 1189 1185 1237 Ezech.
1203 1209 1271 1254 27:
1289 1209 1352 1253 23.
1379 1191 1450 1236 ubi
1473 1195 1628 1240 Har-an,
1658 1189 1740 1236 five
1754 1194 1908 1247 Carrae,
1935 1208 2036 1252 quas

423 1260 467 1303 in
490 1257 797 1320 Mesopotamia
809 1253 1093 1303 fuisse-constat
1107 1291 1119 1312 ‚
1154 1263 1197 1303 ὃς
1221 1256 1338 1305 Eden
1365 1256 1679 1320 conjunguntur
1691 1271 1888 1318 tanquam
1903 1260 2039 1320 regio-

423 1340 494 1372 nes
507 1325 664 1370 vicinae.
699 1327 846 1384 Atque
857 1325 897 1368 in
912 1323 990 1370 isto
1003 1325 1136 1370 tiaelu
1150 1326 1368 1371 memorati
1382 1326 1403 1369 a
1417 1326 1539 1371 Mose
1552 1323 1669 1369 fluvii
1679 1338 1918 1379 occurrunt,
1932 1340 2039 1385 quos

425 1390 520 1435 alibi
540 1388 687 1436 frustra
710 1406 880 1450 quaeras.
914 1392 1112 1451 Denique
1135 1396 1176 1437 &
1201 1390 1252 1437 ad
1275 1394 1477 1437 orientem
1501 1394 1544 1437 in
1569 1395 1608 1438 S.
1623 1391 1828 1452 Scriptura
1840 1404 2039 1453 perpetuo

426 1457 664 1503 collocatur.
700 1458 771 1503 Ut
791 1472 841 1501 ex
864 1454 926 1502 his
948 1454 1105 1502 indiciis
1127 1456 1239 1504 facile
1251 1458 1417 1504 beatum
1428 1455 1554 1504 istum
1567 1456 1740 1504 hortum
1766 1454 2040 1519 deprehende-

425 1539 469 1567 re
480 1523 608 1569 liceat.

496 1593 574 1637 VI.
610 1591 747 1635 Fluvii
762 1623 772 1643 ‚
799 1591 874 1650 qui
886 1588 1060 1635 Paradisi
1074 1588 1207 1636 sedem
1220 1588 1478 1652 potissimum
1493 1587 1651 1651 signant
1663 1625 1674 1641 ,
1705 1589 1726 1634 Ξι
1740 1588 1864 1634 Mose
1876 1604 2040 1633 narran-

427 1668 496 1702 tur
507 1669 703 1716 quatuor‚
716 1655 845 1713 ngbn,
860 1656 1005 1711 Gihon,
1019 1656 1234 1714 thdekql,
1248 1657 1390 1703 Plorat.
1416 1661 1588 1703 Flavius
1607 1654 1838 1718 procedebat
1851 1673 1900 1700 ex
1912 1654 2041 1708 Eden,

429 1723 662 1767 Gen.2:10.
688 1723 763 1783 qui
788 1738 875 1767 non
899 1724 997 1768 alius
1020 1721 1079 1768 est
1090 1740 1217 1783 quam
1231 1726 1370 1786 Tigris
1382 1729 1422 1769 &
1435 1721 1754 1786 Euphrates,qui
1766 1723 1906 1783 longas
1920 1735 2042 1766 terra-

428 1805 525 1833 rum
538 1805 627 1833 oras
638 1786 790 1833 emensi
804 1822 816 1842 ‚
841 1791 882 1833 in
896 1789 1202 1851 Mesopotamia
1215 1787 1326 1836 fessas
1340 1788 1505 1836 tandem
1519 1803 1641 1849 aquas
1655 1790 1819 1832 miscent
1833 1821 1844 1838 ‚
1871 1801 2043 1846 unoque

431 1853 607 1899 flumine
618 1852 856 1908 decurrunt,
871 1856 991 1911 unius
1004 1853 1189 1901 adinstar
1202 1855 1340 1908 fluvii3
1358 1858 1433 1917 qui
1446 1855 1502 1901 est
1516 1855 1667 1901 fluvius
1679 1856 1814 1914 quiex
1827 1850 1967 1898 Edene
1980 1868 2043 1897 re-

430 1922 554 1983 gione
578 1921 748 1966 allabens
762 1920 936 1966 Paradifi
951 1922 1071 1983 spatia
1082 1923 1202 1967 etiam
1218 1919 1366 1968 alluiffe
1378 1957 1390 1977 ‚
1425 1939 1553 1982 eaque
1569 1924 1627 1967 vel
1643 1918 1813 1965 brachiis
1826 1923 1867 1963 δέ
1881 1917 2043 1963 ambitu

430 1986 504 2031 suo
529 1987 739 2048 amplexus
752 2021 764 2040 ‚
800 1989 862 2032 vel
887 1985 1072 2032 deduCn's
1094 1986 1189 2033 inde
1211 1990 1329 2034 alveis
1353 2006 1396 2034 ac
1420 1990 1515 2034 rivis
1537 1990 1707 2051 irrigasse
1732 1984 1906 2030 dicitur:
1934 1981 2044 2028 unde

430 2053 564 2098 rursus
575 2050 838 2098 dividebatur
851 2061 891 2098 in
904 2069 1082 2115 quatuor
1094 2063 1249 2117 capitas
1280 2053 1361 2100 five
1373 2057 1413 2100 in
1428 2055 1513 2115 ipso
1531 2052 1701 2099 Paradili
1717 2047 1888 2113 ingressu
1902 2084 1914 2103 ,
1933 2047 1984 2094 ad
1997 2050 2045 2105 il-

430 2119 520 2163 lum
533 2117 799 2164 commodius
811 2117 1083 2181 perluendum
1096 2136 1108 2171 3
1136 2119 1217 2166 five
1229 2137 1331 2166 mox
1346 2122 1368 2166 ὲ
1382 2120 1533 2166 finibus
1545 2120 1629 2178 ejus
1641 2115 1834 2183 egreilhs:
1861 2131 1955 2161 nam
1970 2119 2045 2159 Pa·

431 2183 564 2230 radiso
578 2201 646 2246 per
658 2184 862 2230 diluvium
877 2200 1075 2248 corrupto
1090 2189 1335 2248 particularis
1348 2186 1467 2246 hujus
1481 2189 1535 2232 rei
1548 2189 1651 2235 ratio
1664 2180 1749 2230 non
1765 2198 1882 2247 patet.
1922 2185 2047 2227 Con-

430 2249 508 2296 stat
521 2264 657 2296 autem
669 2249 766 2296 istos
780 2250 930 2297 fluvios
942 2286 954 2305 ‚
992 2251 1215 2314 postquam
1228 2253 1300 2298 diu
1314 2255 1433 2299 socias
1446 2270 1567 2314 aquas
1580 2266 1804 2302 traxerunt,
1826 2264 2045 2310 antequam

431 2318 474 2361 in
488 2314 624 2361 smum
637 2315 843 2363 Persicum
858 2318 895 2363 le
907 2333 1145 2371 exonerent,
1159 2321 1294 2366 rursus
1306 2320 1418 2366 faelo
1433 2336 1634 2381 aquarum
1647 2318 1830 2366 divortio
1843 2315 1987 2371 dividi,
2002 2319 2046 2360 &

432 2384 472 2426 in
487 2384 651 2444 propria
665 2385 835 2429 nomina
849 2382 1033 2447 Tigridis
1045 2402 1088 2429 ac
1102 2384 1320 2448 Euphratis
1331 2385 1482 2437 redire3
1509 2391 1552 2431 δε
1567 2401 1708 2447 praeter
1719 2384 1805 2431 duo
1831 2386 1895 2430 illa
1905 2385 2048 2446 ingen·

430 2449 486 2493 tia
509 2446 683 2503 brachia,
708 2451 830 2496 etiam
845 2452 944 2496 alios
956 2451 1090 2495 alveos
1100 2450 1239 2505 facere,
1271 2455 1343 2513 qui
1358 2451 1423 2497 hic
1436 2454 1457 2497 a
1472 2453 1593 2498 Mose
1618 2456 1900 2498 nominmtur.
1933 2449 2046 2507 Ptfim

428 2530 544 2575 crg0‚
569 2513 651 2560 sive
684 2527 768 2598 pm
779 2526 832 2575 ,Β
855 2513 896 2561 11.
911 2533 947 2562 e.
971 2526 1176 2578 πλημμόρφ
1190 2552 1202 2572 ,
1233 2520 1474 2579 aestnarmm‚
1500 2524 1541 2564 δε
1568 2519 1711 2574 (imon,
1735 2518 1818 2565 sive
1852 2532 1990 2601 μην).
2006 2516 2048 2564 h.

430 2610 462 2638 c.
488 2602 567 2639 emi
595 2601 717 2646 arius,
736 2593 819 2642 five
831 2595 1035 2645 derivatus
1046 2616 1097 2644 ex
1110 2601 1225 2645 alveo
1245 2601 1349 2646 latex
1367 2604 1406 2644 ἃ
1421 2601 1532 2646 rivus
1562 2606 1581 2656 (
1583 2617 1671 2662 quo
1685 2602 1854 2646 nomine
1868 2603 1907 2643 δι’
1923 2597 2051 2643 fanus

1905 2665 1924 2707 ῗι
1940 2665 2051 2726 pisci-
