2266 2870
310 136 1477 189 DEANGELISINGENE·R13.
1623 158 1707 207 357

74 214 214 264 educit
226 214 470 279 Apostolos.
503 213 614 263 Vide
626 213 726 260 Αᾶ.
746 230 782 275 5:
800 232 866 273 19.
884 220 927 262 δε
948 235 962 263 1
972 234 1011 264 2:
1029 236 1073 281 7.

146 285 303 330 XXXI.
338 283 490 344 Negari
514 281 627 326 enim
647 296 734 326 non
747 280 881 345 potest
890 317 902 337 ‚
951 283 1044 346 ipfis
1055 283 1286 333 facultatem
1299 281 1374 330 effe
1397 286 1594 333 movendi
1608 304 1703 333 cor-

81 363 156 411 pus
169 382 181 402 ,
193 347 346 393 cuisese
354 346 640 411 conjungunt3
677 346 798 408 quod
810 350 939 394 menti
952 349 1100 396 nostrae
1114 352 1235 396 etiam
1251 348 1481 397 concessum
1499 351 1705 400 videmus.

83 417 193 461 Non.
202 411 324 474 quod
335 429 496 459 novum
509 426 678 458 motum
691 446 705 468 ‚
740 413 828 458 solo
839 411 946 472 juss'u
960 433 1004 460 ac
1017 417 1191 478 imperio
1205 416 1277 462 suo
1292 451 1304 469 ‚
1339 416 1592 480 producendi
1622 434 1700 480 po-

83 481 254 526 tentiam
267 477 553 534 habeant‚cum
567 480 679 524 enim
694 480 758 525 ille
768 481 986 527 realitatem
1003 484 1181 542 aliquam
1195 484 1415 537 contineat,
1428 485 1493 528 illa
1506 482 1702 544 quaedam

84 547 234 591 creatio
245 543 368 591 foret.
401 549 566 593 Verum
578 544 789 607 supposito
802 579 817 600 ,
849 545 970 607 quod
995 545 1134 592 eadem
1150 562 1292 593 motus
1303 550 1506 610 quantitas
1517 551 1560 593 in
1574 565 1700 595 mun-

86 609 144 656 do
155 612 309 674 semper
321 624 495 665 maneat,
508 607 675 673 possunt
687 625 855 657 motum
868 613 890 656 a
902 615 1005 658 Deo
1014 612 1296 659 conservatum
1311 649 1323 668 ‚
1336 617 1443 659 varie
1455 612 1700 660 determina-

84 693 128 723 re
141 711 154 731 ,
189 691 238 722 ut
249 678 381 724 anima
395 675 534 722 nostra
545 677 718 722 illumin
731 693 904 740 corpore
916 677 989 723 suo
1002 695 1045 724 ac
1058 679 1253 725 memhris
1273 678 1514 725 determinat
1529 699 1539 725 :
1575 694 1701 740 atque

85 743 142 790 ita
152 744 275 789 etiam
288 744 442 806 angelis
449 743 667 788 materiam
679 776 691 797 ‚
727 757 926 804 quantam
940 745 1076 791 voluit
1086 779 1099 799 ,
1134 744 1303 803 subjecit
1314 748 1429 791 Deus
1442 779 1454 799 ‚
1490 744 1701 806 istumque

86 824 226 856 rerum
241 825 395 855 nexum
409 807 502 855 fecit
513 841 527 863 ‚
562 821 609 854 ut
623 806 673 853 ad
684 824 830 854 eorum
844 809 1101 855 voluntatem
1115 814 1156 855 &
1171 812 1405 873 imperium,
1419 812 1484 857 illa
1498 827 1701 872 quoquo-

88 876 252 923 versum
274 874 481 932 celerrime
503 887 626 934 atque
639 871 881 920 admirando
895 875 993 937 saepe
1007 874 1143 921 modo·
1167 890 1413 922 moveretur.
1451 880 1595 937 Atque
1619 874 1700 922 hoc

90 943 213 1006 pacto
226 956 374 1003 corpus
386 938 557 1001 aliquod
570 973 583 994 ‚
598 940 662 984 tui
676 940 712 984 se
723 939 1042 998 conjunxerunt,
1057 942 1259 987 celerrime
1273 945 1313 986 ἃ
1328 939 1559 1004 longiffime
1573 957 1680 987 trans
1689 971 1706 981 ·

90 1007 194 1054 Ferre
205 1003 371 1070 possunt-
384 1040 396 1061 ,
420 1003 731 1053 determinando
744 1007 912 1053 cursum
931 1006 1082 1052 subtilis
1095 1009 1273 1053 materiae
1286 1041 1302 1062 ,
1334 1024 1426 1068 quae
1441 1024 1589 1071 corpus
1599 1005 1704 1053 illud

90 1075 220 1121 ambit
232 1090 275 1119 ac
286 1073 475 1136 incingit,

156 1143 339 1186 XXXII.
369 1142 570 1200 Cumque
593 1138 782 1185 intimam
806 1137 1005 1200 cujusque
1020 1138 1195 1186 materiae
1217 1141 1372 1186 molem
1388 1174 1400 1195 ,
1434 1144 1476 1185 δε
1489 1139 1705 1202 particula-

92 1222 188 1253 rum
202 1204 396 1269 figuram,
424 1203 551 1253 fitum
564 1238 578 1260 ,
615 1219 782 1252 motum
796 1210 837 1250 δε
850 1205 1039 1250 ordinem
1063 1204 1298 1268 pervideant
1311 1241 1322 1260 ,
1358 1211 1400 1252 &
1414 1222 1502 1267 quo
1519 1203 1704 1266 quidque

94 1271 227 1319 modo
241 1272 291 1318 ab
304 1273 382 1317 alio
396 1273 531 1334 pati&
545 1273 703 1317 moveri
717 1269 840 1333 possit
852 1272 1075 1333 intelligant
1088 1306 1101 1326 ,
1129 1287 1251 1332 atque
1275 1271 1351 1333 ipsi
1360 1289 1402 1317 ea
1416 1272 1521 1316 varie
1534 1286 1702 1316 movere

92 1343 135 1385 δέ
147 1341 248 1385 ciere
260 1335 412 1401 possint
424 1373 441 1390 ‚
466 1335 561 1382 hinc
574 1335 758 1383 miranda
769 1352 891 1399 opera
903 1334 1126 1399 producere
1140 1372 1155 1391 ‚-
1192 1354 1236 1382 ac
1250 1337 1377 1383 sensus·
1389 1334 1551 1382 nostros
1564 1370 1577 1390 ,
1603 1351 1702 1381 cum

93 1418 282 1451 externos
291 1439 304 1456 ‚
335 1417 428 1450 turn
452 1405 637 1449 internos
657 1403 762 1448 var-ie
785 1399 942 1448 afficere
966 1418 1008 1447 ac
1033 1419 1298 1448 commovere
1310 1400 1491 1466 possunt.
1514 1403 1628 1447 Hinc
1641 1401 1706 1445 vel

94 1472 173 1535 ipsa
186 1469 346 1529 obieeta
357 1468 534 1515 sensibus
546 1467 735 1515 exhibere
774 1474 793 1524 (
805 1468 974 1527 Sustulit
986 1467 1207 1514 Abraham
1219 1471 1458 1526 oculossuos,
1472 1475 1516 1522 (φ
1531 1468 1647 1517 vidit,
1656 1472 1706 1518 &-

94 1555 176 1584 ecce
188 1553 274 1583 tres*
287 1543 372 1581 vim?
380 1535 547 1596 stabant
554 1540 684 1599 juxta
696 1534 836 1599 ipfhm.
851 1535 967 1579 Gen.
977 1551 993 1579 1
1003 1535 1087 1580 822.
1102 1539 1208 1580 Fecit
1221 1539 1334 1581 Dens
1346 1532 1529 1580 habitare
1542 1531 1596 1578 ab
1610 1547 1705 1576 orm

33 1648 37 1662 s
95 1603 202 1649 horti
214 1603 327 1649 Eden
343 1601 586 1648 cherubinos
599 1600 1006 1665 &flammamgladii
1017 1602 1210 1663 ancipitris,
1222 1601 1280 1646 ad
1288 1600 1576 1660 custodiendam
1591 1606 1708 1643 viam

95 1669 247 1716 arboris
258 1676 364 1715 vita.
396 1669 513 1715 Gen,
524 1685 557 1730 3:
575 1683 646 1728 24.
683 1670 830 1731 Qum
842 1680 979 1711 autem
992 1666 1145 1711 videret
1162 1669 1271 1726 asma
1282 1668 1347 1710 illa
1372 1668 1559 1730 angelum
1572 1662 1709 1727 Jeho-

96 1736 330 1797 vaestantem
342 1742 384 1780 in
398 1742 467 1780 via
479 1737 545 1779 ella
559 1735 798 1798 &gladium
809 1736 893 1795 ejus
906 1732 1093 1777 edfflnm
1103 1739 1143 1776 in
1157 1749 1284 1777 manu
1297 1751 1316 1777 e
1311 1735 1379 1793 jus
1396 1764 1407 1784 ‚
1432 1732 1647 1776 declinavit
1659 1745 1708 1773 a*-

31 1830 34 1839 ·
84 1803 176 1862 fina
189 1801 240 1849 ab
250 1804 316 1847 illa
326 1809 397 1847 via
409 1816 457 1847 ut
469 1808 544 1845 iret
557 1808 598 1845 in
611 1816 773 1865 agrum.
785 1802 920 1843 Num.
937 1814 1003 1842 22:
1023 1813 1042 1841 2
1051 1801 1106 1857 3.)
1135 1798 1198 1842 vel
1211 1798 1334 1842 etiam
1344 1796 1471 1842 fallaci
1485 1794 1605 1858 specie
1617 1795 1707 1840 sen-

41 2035 61 2215 l

48 2219 61 2400 l

22 2562 45 2642 Ι

95 1867 219 1914 suurn
233 1884 384 1932 organa
397 1866 550 1930 pulsare
563 1900 574 1920 ‚
590 1882 631 1910 ac
644 1865 713 1910 tali
725 1877 846 1909 motu
859 1880 928 1909 eos
951 1862 1155 1924 impellere
1167 1859 1333 1923 possunt
1344 1895 1357 1916 ,
1394 1863 1523 1922 qualis
1533 1862 1708 1922 requiri.-

99 1948 169 1980 tur
180 1933 230 1980 ad
241 1932 310 1980 has
322 1934 384 1979 vel
397 1933 479 1978 illas
491 1932 758 1994 cogitationes
773 1934 815 1975 δε
829 1930 1101 1992 perceptiones
1113 1926 1204 1990 ipsis
1217 1925 1478 1990 suggerendas
1492 1960 1504 1981 ,
1530 1928 1591 1985 vel
1604 1943 1709 1986 qua-

98 2002 189 2046 liter
201 2000 251 2045 ab
264 1997 719 2063 ipfisobjestis-externis
731 1997 863 2041 anima
877 1993 1013 2040 nostra
1025 1994 1187 2039 moveri
1200 1998 1242 2038 δε
1255 1990 1359 2039 affici
1372 1991 1481 2038 solet.
1506 1990 1709 2053 Idemque

99 2068 143 2112 in
154 2064 329 2112 fenfibus
339 2067 504 2112 internis
515 2065 667 2110 valent.

168 2135 372 2180 XXXIII.
408 2132 600 2178 Similiter
611 2144 853 2191 quanquam
881 2126 1128 2174 diversarum
1152 2142 1288 2171 rerum
1312 2125 1451 2188 species
1475 2127 1514 2169 &
1529 2122 1715 2186 phantass

103 2215 212 2248 mata
224 2200 364 2245 animo
377 2196 551 2256 objicere
564 2193 789 2259 poffunt,&
803 2195 1003 2238 variarum
1020 2193 1319 2255 cogitationum
1333 2189 1563 2236 occasiones
1575 2190 1716 2252 sugge-

102 2283 212 2319 rere3
240 2263 475 2312 immediate
487 2278 625 2310 tamen
643 2262 768 2307 menti
783 2258 931 2304 nostrae
946 2259 1052 2303 illabi
1066 2275 1108 2304 ac
1121 2258 1376 2303 voluntatem
1391 2254 1573 2301 nostram
1600 2255 1716 2299 incli-

104 2350 199 2380 nare
234 2348 322 2379 non
358 2327 539 2395 poffiint.
600 2332 716 2374 Cum
748 2327 868 2372 solius
901 2326 984 2371 Dei
1020 2323 1073 2372 fit
1092 2337 1273 2370 mentem
1309 2320 1491 2367 nostram
1529 2334 1716 2383 potenter

107 2397 339 2446 collustrare
353 2432 366 2452 ‚
403 2401 446 2442 &
460 2396 718 2442 voluntatem
735 2408 823 2455 quo
836 2392 926 2436 vult
939 2389 1123 2436 inflester
1170 2406 1189 2434 a
1285 2385 1631 2458 cefffvaHichid
1656 2403 1719 2431 er-

107 2483 164 2531 go
177 2466 258 2512 five
269 2466 372 2511 boni
383 2462 467 2509 five
481 2461 576 2507 mali
589 2462 696 2524 genii
708 2457 773 2504 hic
786 2454 1119 2522 poffuntssncdiat
1303 2470 1372 2517 pet
1385 2450 1722 2516 phantafiam‚cui

108 2529 403 2595 potentissimas
414 2527 614 2575 illecebras
626 2525 841 2586 objiciunt,
866 2528 906 2569 &
919 2523 1133 2585 spirituum
1147 2524 1188 2567 in
1202 2521 1366 2566 cerebro
1380 2532 1548 2564 motum
1561 2553 1574 2573 ‚
1588 2533 1720 2579 quem

110 2598 160 2650 ad
171 2598 241 2649 has
253 2599 317 2648 vel
325 2597 411 2645 illas
421 2593 689 2658 cogitationes
702 2593 742 2638 in
755 2590 874 2639 nobis
884 2587 1118 2640 formandas
1130 2585 1594 2657 producunt,peragunt5
1601 2581 1720 2644 quod

1039 2658 1081 2705 Y
1114 2671 1145 2715 y
1181 2671 1197 2717 3
1582 2665 1628 2699 m
1650 2665 1718 2696 va-
