2116 2901
396 138 988 185 DEDE1TATE
1057 137 1346 193 F11111.
1594 157 1695 212 203¹

12 222 15 230 '
54 219 188 286 stigat,
211 222 286 284 qui
309 220 526 268 Christum
549 223 593 267 in
606 237 779 285 corpore
797 222 1030 284 praesentem
1044 256 1057 277 ‚
1086 226 1128 267 &
1142 222 1376 272 familiarius
1388 225 1492 272 inter
1502 242 1569 274 eos
1581 245 1682 274 con-

13 288 15 318 ἶ
54 289 274 336 versantem
296 322 308 340 ‚
337 287 530 334 nondum
558 286 661 332 adeo
685 289 869 350 precibus
893 289 1073 341 ambire,
1100 291 1225 333 necin
1238 288 1322 347 ejus
1336 293 1506 337 nomine
1520 298 1683 342 Patrem

52 370 198 417 rogare
210 352 492 405 adsueverant3
514 369 658 398 verum
673 352 809 415 postea
822 354 1023 398 absentem
1039 352 1308 414 frequentiori
1321 359 1435 402 cultu
1447 359 1683 420 prosecutu-

55 422 116 474 ri,
130 419 268 478 &jam
286 421 394 465 coelo
407 432 644 482 regnantem
657 421 857 481 perpetuis
872 418 1054 480 precibus
1066 421 1315 466 sollicitaturi
1328 436 1440 468 erant
1458 458 1470 477 ‚
1499 438 1622 485 atque
1634 428 1677 472 in

12 503 13 508 ¹
54 485 176 548 ipsius
206 484 289 530 fide
312 500 434 546 atque
460 486 630 529 nomine
643 484 803 528 summ&
816 501 914 530 cum
927 485 1107 531 libertate
1119 488 1260 530 omnia
1273 487 1294 531 a
1307 491 1423 533 Patre
1434 489 1678 551 postulaturi

51 555 97 597 ἃ
131 553 340 613 accepturi.
382 552 528 597 Similis
552 551 768 595 commatis
779 549 837 595 est
861 584 873 604 ,
911 550 1030 611 quod
1054 549 1296 602 Christum,
1337 555 1397 599 uti
1423 571 1463 598 in
1490 570 1677 618 tempore

53 615 213 663 fastum
238 620 383 662 Deum
397 651 409 671 ,
433 618 487 661 ita
501 614 637 678 postea
652 614 774 661 finito
786 615 1189 679 regimineefastigio
1202 616 1280 662 isto
1303 619 1437 664 rursus
1459 638 1677 667 removen-

52 682 158 730 dum
171 681 344 735 docent3
363 698 459 729 cum
472 698 644 743 regnum
658 679 779 743 ipsius
790 695 988 727 aeternum
1004 681 1053 727 fit
1067 682 1270 734 futurum,
1282 698 1405 744 atque
1418 688 1534 732 vietis
1545 685 1677 733 hosti-

53 748 128 794 bus
151 753 194 794 &
217 747 473 812 triumphato
497 746 661 793 mundo
686 760 778 791 tum
793 745 894 792 vero
910 747 932 791 ὲ
945 747 1046 792 solio
1061 749 1133 793 suo
1148 765 1233 793 non
1246 746 1452 797 descendet
1466 786 1478 806 ,
1503 751 1567 797 sed
1581 768 1675 800 tum

49 812 224 860 demum
251 814 345 860 vere
372 818 468 861 Rex
493 831 535 859 ac
549 815 767 860 Dominus
782 811 944 859 futurus
956 812 1305 876 est3pacatumque
1317 831 1424 877 reget
1438 820 1577 864 Patriis
1590 822 1672 864 vir-

51 882 206 927 tutibus
230 881 389 926 orbem.
426 885 529 926 Luc.
548 898 583 926 1:
600 896 659 941 33.
693 883 752 925 Et
773 879 954 943 regnabit
978 886 1018 923 in
1042 880 1207 926 domum
1229 881 1384 943 Jacohi
1407 885 1594 941 insaecnla
1624 892 1673 939 ξφ

50 955 162 1011 regni
173 950 257 1009 ejus
270 965 347 993 non
359 947 547 1008 eritfinv's.

116 1016 293 1062 XXXII.
329 1010 407 1058 Sed
429 1009 773 1057 considerandum
797 1013 964 1073 propius
990 1010 1071 1065 est,
1103 1010 1223 1073 quod
1237 1011 1484 1060 adorationis
1497 1014 1668 1071 Christi,
1692 1017 1830 1053 Funda-

0 1082 13 1127 *t
50 1080 220 1125 unicum
234 1076 551 1124 fundamentum
567 1077 749 1123 statuunt
761 1075 1001 1139 potestatem
1013 1077 1097 1136 ejus
1110 1077 1392 1124 mediatoriam
1406 1115 1418 1130 ,
1438 1084 1480 1124 &
1492 1082 1666 1142 gloriam
1690 1084 1842 1108 mentum

0 1173 13 1190 =.
49 1146 161 1190 illam
186 1145 439 1207 supremam,
467 1161 595 1204 quam
618 1141 711 1206 post
736 1145 1023 1189 exaltationem
1051 1144 1164 1189 suam
1177 1143 1343 1207 adeptus
1357 1144 1419 1190 lit.
1444 1144 1549 1192 Phil.
1566 1167 1603 1194 2.

1594 1167 1603 1177 .
1689 1126 1889 1162 adorationis

1623 1167 1666 1206 9·
1689 1193 1813 1224 eorum,
1825 1191 1864 1221 tm
1873 1201 1888 1208 -

10 1231 11 1237 ¹
47 1208 207 1257 Matth.
228 1211 297 1257 28:
319 1210 384 1256 18.
423 1208 556 1256 Unde
579 1223 670 1255 nata
694 1211 798 1254 inter
819 1209 923 1270 ipsos
946 1211 1069 1254 etiam
1098 1207 1380 1256 Orthodoxos
1406 1210 1580 1271 quaestio
1617 1214 1668 1260 de
1685 1234 1888 1279 testamini.

9 1295 11 1300 ·
48 1277 166 1322 causa
189 1275 477 1322 adorabilitatis
502 1274 672 1327 Christi,
703 1291 754 1320 an
766 1292 809 1321 ea
822 1275 928 1321 foret
940 1276 1021 1320 sola
1034 1273 1154 1337 ipsius
1166 1277 1334 1331 Deitas,
1370 1294 1420 1323 an
1435 1294 1532 1323 vero
1546 1281 1665 1325 etiam
1685 1289 1865 1334 nimedia-

5 1378 13 1385 ,
50 1358 202 1388 munus
216 1340 522 1388 mediatorium,
1687 1345 1791 1383 toria.

114 1410 315 1456 XXXIII.
356 1413 614 1468 Qanquam
638 1421 775 1453 autem
798 1423 951 1453 munus
963 1405 1255 1453 mediatorium
1268 1424 1422 1455 numen
1443 1423 1565 1470 atque
1578 1428 1667 1457 ma-

0 1496 12 1515 τι
47 1472 229 1534 {estatem
241 1475 324 1520 veri
337 1477 419 1519 Dei
431 1473 625 1528 includat,
649 1488 772 1534 atque
785 1471 835 1518 ad
848 1490 1002 1519 nomen
1018 1489 1062 1518 ac
1088 1485 1202 1533 ἐξοχὴ,
1228 1473 1312 1531 ejus
1323 1478 1668 1537 pertineat‚neque

0 1554 12 1565 '¹
49 1557 169 1586 merae
183 1555 372 1586 creaturae
387 1557 428 1585 ac
442 1545 530 1589 'non
544 1543 642 1586 Deo
654 1541 818 1587 attribui
831 1538 954 1601 possit
968 1574 980 1593 ‚
1003 1555 1090 1584 non
1103 1543 1230 1603 magis
1243 1557 1369 1600 quam
1385 1541 1532 1588 mundi
1544 1541 1668 1601 hujus

23 1655 28 1665 ¹
48 1608 212 1661 creatio,
239 1620 362 1667 atque
374 1607 416 1650 in
428 1624 487 1653 res
500 1610 642 1652 creatas
653 1606 888 1669 supremum
902 1606 1121 1668 imperium
1137 1624 1149 1658 3
1166 1619 1228 1660 ut,
1242 1608 1316 1668 qui
1330 1606 1531 1652 mediator
1543 1623 1667 1670 atque

49 1671 197 1718 mundi
210 1671 417 1718 redemtor
427 1672 484 1719 est
498 1708 511 1729 ‚
536 1674 658 1718 etiam
672 1689 721 1717 eo
735 1673 820 1735 ipso
834 1667 1044 1717 necessario
1058 1671 1106 1717 sit
1132 1671 1362 1719 adorandus
1376 1692 1385 1717 :
1411 1687 1547 1718 tamen
1561 1677 1666 1720 ratio

49 1737 231 1785 formalis
254 1736 427 1800 religiosi
442 1742 587 1792 cultus,
615 1742 656 1783 &
670 1736 988 1784 fundamentum
1004 1754 1130 1798 quare
1143 1737 1332 1784 Christus
1343 1738 1411 1796 obj
1418 1741 1556 1784 eetum
1570 1739 1667 1785 fidei

10 1820 11 1824 ¹
49 1808 92 1849 δε
104 1804 182 1867 spei
197 1803 345 1849 nostrae
360 1802 409 1849 fit
423 1840 435 1861 ‚
461 1804 518 1851 est
530 1804 610 1851 hoc
624 1805 810 1857 unicum,
838 1801 956 1866 quod
981 1803 1146 1865 persona
1162 1803 1300 1850 divina
1314 1803 1362 1851 sit
1376 1839 1389 1859 ‚
1416 1818 1539 1866 atque
1552 1823 1670 1852 verus

10 1872 11 1879 ’
50 1872 180 1923 Deus,
195 1872 312 1915 nullo
326 1885 462 1917 autem
476 1869 609 1917 modo
622 1868 835 1929 objectum
850 1869 934 1929 ejus
945 1868 1002 1915 est
1017 1883 1158 1915 natura
1170 1868 1361 1916 humana.

115 1939 314 1984 XXXIV.
349 1939 405 1982 Et
428 1935 531 1985 Phil.
550 1953 589 1982 2:
604 1953 646 1994 9.
673 1935 850 1981 donatur
862 1933 1032 1995 quidem
1045 1934 1216 1981 Christo
1230 1953 1364 1982 novus
1375 1934 1515 1982 honor
1531 1935 1671 1999 <quod
1695 1944 1780 1982 Phil.
1802 1956 1883 1995 νς.

50 2002 224 2049 verbum
250 2012 432 2064 {zapa'own
457 2004 594 2049 innuit
609 2007 628 2056 )
656 2018 784 2062 quem
811 2014 1010 2061 tanquam
1023 1999 1254 2047 mercedem
1278 2000 1520 2050 obedientiae
1546 2005 1622 2049 suae
1647 2005 1669 2048 εἴ

49 2071 164 2115 Patre
189 2073 378 2129 acceperit
390 2087 401 2121 ;
429 2069 494 2116 sed
517 2070 583 2113 ille
604 2070 647 2113 in
671 2084 720 2113 eo
734 2065 917 2113 confistit
931 2101 943 2121 ,
970 2064 1089 2126 quod
1103 2101 1114 2121 ‚
1128 2082 1293 2116 remoto
1305 2065 1546 2115 humilitatis
1557 2071 1666 2124 velo,

47 2149 159 2180 nunc
182 2133 407 2195 plenissime
422 2138 462 2180 in
476 2150 592 2181 carne
602 2131 760 2179 Christi
772 2133 809 2178 se
820 2146 953 2178 exerat
966 2130 1103 2177 divina
1116 2132 1297 2192 majestas
1309 2169 1320 2185 ‚
1350 2147 1472 2195 atque
1484 2137 1525 2179 in
1539 2136 1583 2180 eci
1596 2151 1666 2197 pa-

47 2200 129 2246 lam
142 2201 177 2246 se
189 2200 376 2248 ostendat
388 2235 401 2256 ,
425 2206 468 2246 &
481 2216 679 2260 tanquam
694 2200 735 2243 in
749 2195 1031 2261 augustiffimo
1045 2200 1202 2260 templo
1226 2197 1430 2244 adoretur.
1471 2201 1582 2247 Sicut
1594 2217 1666 2245 au-

47 2279 132 2311 tem
159 2267 262 2312 olim
275 2269 463 2331 typicum
476 2267 683 2328 templum
697 2280 783 2310 non
796 2264 875 2310 fuit
887 2262 1103 2309 adoratum
1117 2280 1196 2309 una
1209 2281 1303 2311 cum
1320 2268 1417 2311 Deo
1431 2267 1471 2311 in
1485 2282 1534 2311 eo
1548 2264 1663 2311 inha-

7 2347 9 2373 :
46 2331 200 2378 bitante
223 2368 235 2388 ‚
270 2335 324 2378 ita
338 2350 448 2379 nunc
461 2329 633 2394 quidem
658 2328 877 2376 adoramus
899 2331 1049 2375 Filium
1076 2331 1157 2375 Dei
1189 2333 1230 2375 in
1256 2347 1374 2376 carne
1399 2365 1410 2385 ,
1451 2348 1538 2376 non
1565 2349 1662 2376 vero

50 2407 85 2447 ..ὲ
102 2411 228 2456 aim&
254 2398 371 2460 quod
397 2396 577 2445 assumsit
590 2430 602 2450 ‚
630 2412 703 2441 nec
726 2412 886 2441 carnem
902 2397 943 2439 in
958 2412 1040 2455 qua
1053 2393 1219 2442 habitat.
1254 2397 1310 2441 Et
1324 2414 1361 2441 v.
1386 2413 1454 2442 ro.
1483 2396 1664 2444 limiliter

50 2466 253 2511 summam
267 2470 309 2510 &
321 2467 530 2529 propriam
554 2461 788 2509 mediatoris
808 2462 984 2524 gloriam
997 2462 1189 2521 exprimit
1203 2461 1430 2524 Apostolus
1444 2479 1512 2524 per
1524 2482 1666 2508 nomen

49 2532 158 2593 quod
168 2531 292 2594 fhpra
306 2550 418 2577 omne
431 2549 571 2576 nomen
585 2528 650 2588 est,
679 2528 790 2589 quod
799 2535 839 2572 in
852 2534 1007 2571 nomine
1020 2526 1127 2587 Jefiae
1143 2545 1255 2572 omne
1260 2546 1367 2589 genu
1370 2532 1414 2584 se
1415 2528 1543 2588 flefflt
1561 2548 1570 2572 :
1599 2527 1665 2573 sed

47 2597 115 2644 illa
138 2595 317 2657 majestas
341 2613 428 2649 non
452 2597 616 2647 realiter,
647 2592 713 2641 sed
724 2592 940 2640 modaliter
952 2590 1141 2646 distincta
1154 2592 1211 2639 est
1225 2595 1246 2638 a
1261 2592 1465 2652 majestate
1482 2599 1523 2639 ἃ
1535 2595 1665 2657 gloria

667 2661 671 2663 “
1017 2661 1057 2703 C
1072 2674 1092 2702 c
1130 2676 1151 2704 2
1593 2660 1663 2704 ab·
