2116 2901
2004 0 2116 69 w

441 138 498 200 78
832 136 998 180 L113.
1063 130 1466 176 I.CA1³u·r
1543 128 1685 173 XII.

444 218 513 265 das
536 216 609 265 esse
631 220 734 265 ratio
757 235 807 264 ex
832 219 1031 279 Scriptura
1055 216 1188 260 solum
1212 215 1377 277 percipit
1389 229 1402 265 3
1417 211 1606 273 adeoque
1616 209 1817 272 judicium
1829 211 1932 257 illius
1948 219 2047 257 couss-

441 283 663 344 junctionis
675 300 761 328 non
774 285 941 329 rationis
955 316 966 332 ‚
984 278 1049 326 sed
1061 279 1157 326 fidei
1171 278 1241 324 est.

227 360 346 397 varius
359 360 419 398 illi·
506 353 545 394 X
559 353 594 394 L
608 352 629 394 I
643 353 677 394 Ι.
712 354 761 394 In
785 347 1018 393 universum
1041 362 1138 407 ergo
1163 345 1254 390 usus
1277 343 1445 389 rationis
1470 344 1570 388 circa
1582 358 1640 387 res
1653 339 1749 387 fidei
1761 340 1822 388 est
1831 341 1894 387 vel
1905 341 2048 401 instru-

225 429 263 452 us
279 416 363 451 circa
437 416 636 468 mentalis,
647 414 708 459 vel
716 413 954 476 principalis.
987 411 1307 471 Instrumentalis
1318 407 1572 469 quadruplex
1584 406 1654 453 est.
1688 408 1848 452 Primus
1859 404 1928 457 est,
1934 404 2050 468 quod

221 481 277 530 ’Ψ
290 469 362 514 “sm
379 478 387 503 ²
440 481 628 541 percipiat
640 495 698 523 res
712 477 806 524 fidei
818 495 888 540 per
900 476 1070 522 verbum
1083 478 1165 521 Dei
1177 480 1219 520 &
1232 475 1458 519 sermonem
1470 472 1553 531 ejus
1565 473 1682 517 nobis
1694 473 1892 517 revelatas.

219 523 420 613 ffimmm'
503 547 544 588 -Χ
557 548 594 588 L
611 547 632 588 Ι
644 548 665 588 Ι
676 548 709 588 Ι.
747 541 951 588 Secundus
974 539 1031 585 est
1044 574 1058 594 ,
1081 539 1199 601 quod
1219 541 1321 585 ratio
1335 538 1527 601 mysteria
1539 535 1768 599 theologica
1778 538 1942 597 illustret
1953 571 1968 593 ‚
1991 535 2045 582 εὸ

276 588 312 614 cs,
440 610 706 669 comportatis
717 609 912 653 omnibus
924 623 1016 668 quae
1030 607 1051 649 a
1062 607 1217 650 ratione
1228 603 1403 666 praestari
1417 600 1594 665 possunt.

502 675 542 717 X
556 677 591 718 L
605 677 626 717 I
638 677 694 718 V.
729 675 894 718 Tertius
906 672 976 724 est,
990 669 1109 730 quod
1121 670 1298 715 conserat
1310 671 1413 714 ratio
1427 670 1639 730 Scripturae
1651 669 1739 712 loca
1750 703 1762 719 ,
1792 672 1835 713 δε
1846 669 2046 730 religionis

439 738 566 799 capita
589 738 692 784 inter
714 738 786 782 sese
797 772 809 788 ‚
837 736 1122 796 dostrinasque
1146 735 1253 780 salsas
1267 751 1363 779 cum
1377 734 1469 779 vera
1486 752 1496 777 ε
1527 734 1570 777 in
1583 733 1667 793 qua
1677 734 1892 778 collatione
1904 736 2046 780 emicat

438 804 619 847 maxime
641 801 1114 861 discretionisjudicium.
1150 804 1299 846 Omnia
1323 802 1551 862 explorate,
1586 805 1634 851 &
1658 798 1766 860 qnod
1785 797 1932 843 bonum
1948 801 2046 859 fue·
2115 816 2116 826 ¹

434 874 502 921 rit,
510 875 685 913 retinete.
724 885 758 913 1.
773 865 910 913 Thess,
923 884 959 925 5:
976 886 997 913 2
1011 886 1045 913 1.
1087 865 1420 926 Probntespiritns
1432 882 1485 908 an
1497 881 1547 908 ex
1558 868 1645 909 Deo
1643 865 1742 922 sint.
1762 861 1982 926 1.Joh.4:1.

499 935 635 980 XLV.
683 939 866 995 Qartus
889 932 969 984 est,
1001 929 1119 993 quod
1142 932 1244 976 ratio
1282 929 1570 991 consequentias
1598 945 1825 988 rerumque
1851 930 2042 975 consecu-

431 997 564 1042 tiones
596 1014 646 1041 ex
680 998 882 1059 Scripturd
917 997 1058 1043 inferat
1081 1030 1093 1049 ,
1116 1012 1213 1040 cum
1237 993 1287 1040 ad
1310 997 1518 1039 veritatem
1544 991 1797 1038 astruendam
1822 1028 1835 1044 ‚
1865 1007 1958 1039 tum
1985 994 2037 1042 ad

433 1059 645 1113 falsitatem
669 1061 965 1108 destruendam.
1007 1067 1091 1125 Ego
1106 1059 1202 1117 fiam
1227 1065 1340 1105 Dens
1362 1058 1635 1112 eAbrnhnmi,
1655 1064 1734 1104 &a
1775 1077 1852 1102 non
1864 1059 1915 1121 est
1930 1065 2045 1106 Deus

434 1141 701 1181 mertuorum,
721 1127 796 1185 sed
817 1135 1057 1173 viventium.
1092 1123 1249 1171 Matth.
1276 1141 1354 1169 22:
1383 1141 1447 1185 31,
1474 1141 1536 1185 32.
1581 1129 1722 1168 Sinon
1745 1124 1796 1182 est
1820 1126 2041 1181 resnrrefiio

433 1206 698 1246 mortuorum,
717 1192 894 1252 Chnstns
917 1210 1073 1255 quoque
1095 1210 1172 1235 non
1187 1191 1460 1250 cstexcitntns.
1500 1193 1651 1234 1.Cor.
1671 1204 1735 1247 15:
1756 1205 1820 1242 12,
1840 1206 1899 1250 13.
1936 1194 2042 1254 Qis

433 1256 488 1315 est
499 1257 672 1302 mendax
685 1291 697 1311 ‚
721 1260 872 1320 nfiqni
883 1273 1001 1320 negat
1014 1256 1163 1319 ‘Jefitm
1175 1256 1243 1316 effi
1258 1255 1459 1314 Chrzstum
1471 1262 1492 1300 ,Ρ
1531 1252 1676 1319 1.Joh.
1692 1271 1730 1299 2:
1749 1271 1815 1299 22.
1851 1261 2044 1318 Qarum
2107 1266 2109 1305 ζ

433 1322 813 1381 consequentiarum
825 1324 943 1367 usum
958 1324 1098 1368 tollere
1111 1323 1210 1366 velle
1221 1322 1321 1365 circa
1334 1319 1518 1374 sacra‚-est
1532 1318 1747 1364 hominem
1763 1336 1920 1366 exuere.

495 1387 654 1433 XLVI.
691 1392 806 1432 Cum
820 1402 954 1433 autem
967 1389 1069 1434 ratio
1080 1385 1436 1431 instrumentaliter
1447 1384 1641 1431 duntaxat
1654 1401 1867 1432 concurrat
1879 1383 1929 1431 ad
1941 1402 2040 1432 con-
2105 1376 2107 1410 ἶ

426 1450 646 1511 sequentias
656 1453 742 1497 istas
754 1450 960 1497 eliciendas
982 1458 1024 1498 ὃ(
1037 1449 1330 1514 cognoscendas
1343 1484 1354 1503 ‚
1370 1464 1477 1512 patet
1492 1451 1866 1509 consequentiarum
1879 1452 2036 1500 illarum
2103 1458 2105 1497 Ξ

433 1514 717 1562 certitudinem
739 1533 825 1561 non
849 1520 891 1561 in
916 1515 1139 1562 humanam
1164 1518 1388 1567 rationem,
1414 1515 1531 1560 sedin
1546 1513 1726 1559 divinam
1753 1517 2038 1564 revelationem
2102 1541 2104 1552 =

428 1580 589 1626 refundi
602 1598 612 1631 3
642 1584 695 1627 ita
708 1596 753 1627 ut
767 1584 1051 1642 consequentia
1063 1583 1141 1636 illa,
1164 1583 1229 1626 {eu
1240 1582 1418 1641 legitima
1431 1579 1554 1625 medii
1566 1596 1661 1624 cum
1676 1582 1862 1625 extremis
1875 1579 2059 1643 disposi...
2100 1597 2103 1645 5

431 1646 493 1689 tio
517 1645 566 1690 fit
590 1645 685 1692 fidei
709 1645 906 1692 duntaxat
940 1649 1150 1693 motivum
1175 1651 1217 1692 &
1240 1644 1558 1692 instrumentum
1585 1679 1597 1698 ‚
1622 1661 1708 1689 non
1732 1662 1829 1690 vero
1853 1646 2036 1696 credendi

433 1712 679 1772 principium
695 1731 704 1756 :
719 1728 806 1756 non
818 1714 926 1757 enim
941 1726 1105 1775 propter
1115 1713 1330 1764 rationem,
1344 1709 1408 1755 sed
1420 1726 1490 1772 per
1501 1712 1701 1755 rationem
1714 1708 1927 1758 credimus.

497 1779 678 1823 XLVII.
712 1781 773 1822 Ita
785 1779 905 1822 etiam
917 1779 1082 1823 rationis
1093 1776 1149 1821 est
1159 1774 1334 1834 judicare
1346 1774 1395 1820 de
1408 1777 1446 1821 vi
1459 1774 1626 1820 istarum
1638 1774 2032 1836 consequentiarum:
2098 1813 2099 1820 ,

432 1843 620 1900 quamvis
631 1858 717 1886 non
731 1841 780 1888 s1t
791 1840 1058 1900 ejusjudicare
1070 1840 1119 1887 de
1132 1840 1222 1903 ipsis
1234 1839 1329 1886 fidei
1342 1839 1558 1901 dogmatis.
1599 1846 1704 1902 Qo
1717 1839 1809 1885 facit
1820 1840 2032 1889 discrimen
2096 1837 2098 1887 J

431 1906 481 1950 ab
515 1906 754 1968 Augustino
787 1906 1011 1952 indicatum
1049 1941 1061 1961 ,
1106 1908 1211 1952 inter
1244 1914 1457 1952 veritatem
1489 1913 1775 1950 connexionum
1800 1910 1842 1951 &
1877 1917 2031 1954 verita·
2094 1925 2097 1959 ε

430 1985 511 2015 tem
534 1972 708 2034 ipsarum
719 1971 1033 2030 fintentz'nrnm3
1066 1988 1245 2033 quarum
1267 1973 1333 2017 illa
1355 1972 1535 2025 rationis,
1563 1969 1648 2016 haec
1657 1971 1758 2016 vero
1772 1968 2033 2032 fideijudicio
2064 2008 2070 2014 .
2093 2025 2095 2033 y

428 2035 571 2081 subest.

203 2099 375 2164 principa·
487 2104 691 2149 XLVIII.
736 2107 885 2148 Praeter
906 2102 1024 2148 hosce
1047 2103 1137 2149 usus
1160 2101 1430 2148 ministeriales
1453 2103 1557 2147 ratio
1595 2102 1753 2164 insuper
1780 2102 1898 2149 usum
1917 2111 2030 2166 prin-

198 2156 258 2193 ὼ·
422 2170 585 2228 cipnlem
607 2166 753 2221 habet,
788 2170 830 2213 in
854 2185 943 2228 quo
966 2168 1012 2227 se⁸
1023 2167 1143 2213 habet
1169 2175 1249 2231 per}
1264 2166 1441 2213 modum
1466 2169 1675 2229 principii,
1703 2167 1872 2227 quando
1885 2185 2030 2232 nempe

421 2234 523 2276 circa
534 2232 635 2276 sacra
645 2241 794 2294 arguit:
807 2247 900 2278 tum
913 2234 1023 2277 enim
1036 2249 1121 2277 non
1135 2249 1203 2295 per
1216 2232 1396 2278 modum
1409 2235 1564 2294 organi,
1579 2249 1682 2292 quo,
1696 2231 1761 2276 sed
1771 2249 1842 2294 per
1854 2233 2030 2279 modum

420 2295 599 2341 medii&
615 2300 857 2359 argumenti,
870 2314 919 2342 ex
933 2314 1021 2360 quo
1033 2297 1276 2361 Theologus
1289 2299 1419 2360 arguit
1432 2331 1444 2350 ‚
1457 2299 1682 2348 concurrit3
1710 2297 1879 2358 quando
1908 2301 2032 2345 nimi-

419 2377 515 2406 rum
539 2363 642 2406 ratio
666 2379 715 2406 ex
729 2364 895 2423 proprio
918 2360 1105 2408 thesauro
1128 2378 1363 2425 argumenta
1378 2379 1452 2424 pro
1469 2360 1551 2408 fide
1562 2364 1717 2424 promit
1728 2361 1840 2413 &slve
1852 2379 1940 2426 agat
1951 2380 2028 2427 pro

419 2428 646 2488 principiis,
670 2425 924 2472 ostendendo
948 2444 1093 2472 eorum
1116 2427 1422 2474 credibilitatem
1445 2462 1457 2478 ‚
1494 2429 1540 2472 iis
1563 2429 1636 2487 qui
1659 2428 1768 2471 illam
1791 2444 1877 2472 non
1900 2446 2027 2491 agno-

389 2534 392 2537 .
418 2490 557 2544 scunt,
582 2496 625 2536 δε
649 2491 862 2537 refutando
887 2495 1057 2554 argutias
1080 2495 1122 2537 in
1146 2494 1397 2538 contrarium
1421 2493 1443 2536 a
1475 2493 1655 2553 perversa
1668 2495 1823 2537 ratione
1834 2495 2025 2555 prolatas;

415 2554 499 2602 five
515 2570 603 2618 agat
615 2573 665 2605 ex
677 2559 882 2621 principiis
892 2591 905 2616 ,
931 2556 1199 2622 producendo
1213 2571 1449 2622 argumenta
1461 2574 1510 2605 ex
1523 2558 1680 2614 natura,
1694 2555 1744 2605 ad
1756 2559 2032 2605 conclusiones
2082 2563 2083 2567 ’

1917 2623 2033 2672 ‘theo-
