2116 2901
209 1547 288 1595 Qae
298 1554 377 1594 pro·

207 1600 325 1637 batur.

212 1663 290 1692 Lex
300 1653 397 1690 scri-

202 1718 311 1762 ptura
325 1705 401 1756 ipsi-

207 1777 245 1800 us
257 1762 398 1805 testimo-

205 1818 279 1856 niis.

415 149 470 190 62
841 118 1610 179 L1ss.1.>CA1³u·1·X.
1801 153 1815 166 ,
2042 0 2116 251 ι

421 223 556 271 modo
593 221 696 270 nihil
717 221 893 267 omnino
917 214 1123 279 Scriptura
1147 207 1355 258 obscurius
1379 201 1454 251 effe
1466 200 1614 266 potest,
1627 216 1725 246 cum
1743 198 1849 245 illius
1859 195 2116 265 mysterigssi-,f'

422 306 599 336 omnem
625 291 1058 347 rationem&captum
1071 281 1267 342 superent.
1300 269 1559 318 Traditionis
1569 283 1668 313 vero
1680 265 1864 328 respe&u
1876 263 2050 312 dicimus
2078 280 2112 319 2'

425 358 672 418 Scripturam
686 356 739 401 ita
752 352 1000 416 perspicuam
1013 343 1099 399 effe,
1117 359 1163 391 ut
1176 360 1219 389 ea
1231 357 1325 402 quae
1338 339 1379 383 in
1392 337 1471 400 ipsa
1483 332 1716 387 traduntur,
1734 348 1785 377 ex
1798 332 1863 377 illa
1875 331 1955 394 ipsa
1966 329 2047 377 sufi-
2071 336 2090 359 ·'

425 420 606 473 ficienter
617 420 785 481 intelligi
797 414 962 480 poffmt.
1953 463 1961 471 ·

491 491 548 533 V.
585 483 720 546 Qod
732 486 785 529 ita
797 497 933 529 tamen
946 478 1222 539 intelligimus,
1237 491 1268 519 1.
1288 486 1337 518 ut
1348 485 1434 515 non
1448 480 1641 529 negemus
1654 497 1666 518 ‚
1687 479 1775 509 non
1789 478 1940 526 paucos
1949 478 1992 508 in
2003 466 2044 511 S.

425 551 628 613 Scripturfi
652 565 860 595 occurrere
882 548 996 592 locos
1009 537 1322 589 obscurissimos.
1360 553 1398 580 2.
1427 531 1494 579 sed
1517 548 1607 577 eam
1631 531 1673 574 in
1686 530 1803 574 rebus
1816 527 1866 573 ad
1878 528 2046 579 salutem

423 613 639 662 necessariis
651 615 897 678 perspicuam
910 611 1095 662 dicimus,
1124 624 1159 669 3.
1184 620 1306 665 atque
1318 618 1379 648 eas
1391 610 1595 661 res,prout
1609 598 1650 641 in
1663 593 1851 640 universo
1865 596 2045 658 Scriptu-
2058 646 2063 649 J

422 699 476 728 rae
489 698 663 743 corpore
675 693 898 725 occurrunt
911 712 923 731 ‚
937 672 1239 722 consideramus
1251 704 1262 724 ‚
1276 683 1363 713 non
1375 682 1475 712 vero
1488 676 1614 726 prout
1627 659 1687 706 his
1699 662 1763 707 vel
1776 661 1850 705 illis
1864 661 1960 706 locis
1972 663 2043 708 ali-

422 761 581 808 quanto
606 745 711 791 forte
723 745 930 790 obscurius
941 751 1246 805 proponuntur.
1271 751 1313 795 4.
1342 732 1468 792 idque
1482 728 1512 774 fi
1526 726 1764 774 adhibeatur
1775 723 1972 772 sufficiens
1984 742 2044 774 at-

421 814 552 859 tentio
577 816 619 857 &
643 809 862 873 diligentia.
892 823 927 867 5.
953 806 983 852 fi
1007 804 1266 867 deponantur
1289 795 1537 863 praejudicia,
1562 801 1603 840 6.
1629 791 1659 838 fi
1684 790 1784 838 adsit
1796 792 2044 839 illuminatio

421 881 487 941 Sp.
518 881 556 923 S.
570 878 634 922 vel
645 877 824 922 erudiens
838 875 985 924 solum,
1003 870 1053 916 ad
1065 861 1639 922 do&1·ina1n‚velfiin5lficans
1649 859 1787 911 etiam,
1801 856 1851 903 ad
1864 859 2043 907 salutem.

420 962 464 1005 7.
487 944 685 1004 Denique
706 942 827 987 talem
850 957 940 986 eam
964 934 1038 983 esse
1062 933 1265 981 afferimus
1286 947 1363 994 pro
1387 928 1497 975 varizi
1511 922 1697 972 Ecclesiae
1709 937 1848 969 aetate:
1866 922 1967 970 ficut
1978 926 2044 973 illa

420 1010 533 1054 enim
555 1022 765 1070 tempore,
796 1008 851 1052 ita
874 1006 996 1050 etiam
1020 1000 1209 1065 profectu
1232 997 1388 1047 crescit;
1418 990 1528 1039 unde
1551 991 1616 1036 illa
1629 990 1831 1053 perspicue
1842 1005 1952 1035 nunc
1964 1004 2045 1037 tra-

421 1072 605 1128 duntur,
628 1090 721 1134 quae
745 1073 849 1117 olim
862 1073 903 1116 in
928 1074 985 1116 V.
997 1071 1055 1114 T.
1068 1066 1246 1130 patribus
1258 1063 1457 1110 latebant:
1483 1062 1548 1105 Tu
1571 1073 1684 1110 vero,
1697 1058 1875 1110 Daniel,
1892 1058 2047 1104 occlude

423 1139 498 1185 hac
507 1139 648 1192 verba,
662 1145 709 1192 ὠ
723 1137 874 1201 obfigna
887 1135 992 1181 hunc
1005 1133 1154 1179 librum
1166 1136 1226 1177 ad
1234 1128 1385 1191 teinpus
1397 1128 1712 1172 determinatum
1724 1122 1848 1183 usque
1859 1138 1871 1173 3
1880 1138 2046 1185 percur-

421 1221 512 1250 rent
535 1212 640 1250 enim
652 1206 799 1257 multi,
825 1209 873 1256 <J
897 1199 1109 1264 augebitur
1121 1203 1295 1260 cognitio.
1325 1195 1436 1239 Dan.
1454 1206 1576 1251 12:4‚
1590 1207 1629 1247 9.
1653 1189 2045 1251 Loquimursapten..
2115 1229 2116 1235 ,

423 1277 526 1317 tiam
538 1275 618 1317 Dei
640 1277 681 1316 in
694 1269 865 1332 mysterio
879 1303 891 1318 ‚
920 1267 988 1312 hoc
1000 1258 1269 1326 est,occultam
1282 1263 1392 1305 illam
1403 1292 1416 1313 ,
1442 1275 1569 1320 quam
1576 1255 1812 1319 praefinierat
1825 1259 1939 1300 Deus
1951 1270 2047 1302 ante
2114 1271 2116 1308 3

416 1337 557 1394 saecula
584 1335 642 1381 ad
656 1337 831 1398 gloriam
855 1333 1042 1393 nostram.
1081 1333 1234 1376 1.Cor.
1249 1344 1289 1372 2:
1305 1345 1345 1388 7.
1383 1323 1500 1369 Mihi
1524 1320 1773 1380 datacsthaec
1775 1327 1915 1381 gratia
1926 1326 1967 1364 in
1979 1322 2044 1369 lu.
2114 1311 2116 1339 ¹

422 1419 507 1448 cem
514 1401 737 1464 proferendi
747 1399 927 1445 omnibus
941 1432 953 1452 ,
966 1399 1104 1460 quaestt
1115 1400 1337 1441 communio
1350 1389 1515 1454 mysterii
1526 1423 1540 1440 ,
1556 1387 1762 1451 quoderat
1773 1385 2044 1444 absconditum

423 1464 602 1526 asciculis
613 1474 653 1510 in
667 1471 766 1512 Deo.
797 1463 906 1527 Eph.
923 1481 957 1524 3;
972 1482 1015 1521 9.
1029 1464 1077 1511 6)·
2111 1447 2113 1528 J

491 1537 535 1580 V
547 1536 582 1577 I.
617 1535 764 1592 Atque
774 1533 829 1576 ita
841 1530 1088 1593 perspicuam
1102 1523 1175 1572 effe
1188 1527 1438 1587 scripturam
1451 1533 1572 1583 patet,
1593 1536 1625 1565 1.
1640 1535 1689 1564 ex
1702 1521 1740 1564 S.
1757 1518 1970 1580 Scripturae
1985 1533 2044 1567 te.-
2109 1529 2112 1584 ξ

428 1595 645 1644 stimoniis.
657 1597 938 1658 Testimonium
950 1595 1117 1657 Jehovae
1129 1593 1180 1653 est
1192 1606 1362 1643 certum,
1366 1588 1583 1650 sapientem
1586 1587 1743 1645 faciens
1747 1587 1933 1646 fatuum.
1945 1578 2046 1632 Un-
2060 1578 2063 1580 ’
2108 1589 2112 1680 a

424 1662 474 1710 de
487 1666 649 1709 lucerna
663 1664 901 1725 appellatur,
916 1662 1013 1706 Psal.
1033 1674 1100 1711 19:
1118 1660 1157 1706 8.
1176 1663 1362 1703 Lucerna
1370 1653 1459 1716 pedi
1472 1670 1554 1699 meo
1569 1652 1671 1708 sunt
1683 1650 1807 1695 verba
1822 1665 1909 1696 tua.
1945 1651 2047 1700 Psal.
2108 1687 2109 1697 ,

427 1747 522 1786 119:
537 1744 627 1789 105.
669 1732 727 1774 Et
749 1731 914 1773 lucerna
917 1726 1126 1789 splendens
1136 1732 1177 1771 in
1191 1722 1345 1779 obscuro
1357 1723 1450 1772 loco,
1487 1734 1525 1762 2.
1544 1722 1628 1762 Pet.
1654 1731 1690 1761 1:
1707 1733 1769 1773 19.
1804 1734 1886 1778 quai
1910 1718 2040 1763 lucer-
2106 1727 2109 1776 ᾗ

422 1813 477 1841 na
500 1794 754 1848 accenditur,
787 1800 836 1846 ὠ
859 1799 1079 1856 imponitur
1104 1787 1339 1836 candelabro
1367 1821 1380 1841 ‚
1418 1791 1466 1837 ὠ
1479 1783 1654 1847 splendet
1669 1781 1851 1827 omnibus
1868 1781 2044 1844 quisunt
2106 1778 2107 1831 s

420 1869 462 1908 in
485 1861 612 1907 domo.
646 1857 806 1906 Matth.
825 1875 861 1919 5:
881 1873 946 1917 15.
979 1857 1192 1920 Speciatim
1217 1852 1268 1899 de
1291 1852 1429 1898 Veteri
1451 1848 1568 1895 Test.
1602 1848 1752 1893 Iudam
1776 1850 1898 1911 legem
1909 1866 2042 1894 meam
2104 1872 2105 1876 =

421 1933 547 1972 menti·
575 1944 737 1979 eorum,
762 1925 925 1977 &cordi
937 1941 1073 1968 eorum
1086 1920 1293 1979 inscribam
1306 1936 1409 1963 eam.
1442 1916 1527 1979 Jer.
1544 1931 1605 1975 31:
1623 1930 1680 1974 33.
1721 1917 1962 1976 Praeceptum
1975 1914 2044 1962 hoc
2102 1912 2105 1948 ἶ

419 2010 499 2037 non
513 1994 712 2037 occultum
726 1990 778 2044 es}
790 1988 815 2035 a
830 2005 881 2043 te,
895 2007 1022 2052 neque
1035 1991 1311 2051 longinquum.
1324 1988 1452 2029 Dcut.
1463 1998 1527 2042 30:
1549 1999 1563 2026 1
1577 1980 1808 2029 1.coll.cum
1822 1983 1956 2026 Rom.
1971 1997 2038 2027 10:

420 2058 628 2119 6‚7,8.M›
640 2058 746 2102 dicas
757 2064 797 2102 in
811 2058 921 2102 corde
935 2061 1108 2116 tuoquis
1120 2052 1296 2110 aste-adet
1310 2057 1349 2095 in
1365 2051 1528 2094 caelum?
1543 2074 1602 2086 ---
1607 2062 1725 2108 prope
1741 2059 1778 2090 te
1790 2044 1963 2090 verbum
1973 2046 2040 2107 est,

416 2131 461 2169 in
476 2141 540 2169 ore
554 2138 635 2174 tuo,
653 2129 701 2176 &⁹
715 2130 756 2166 in
770 2121 964 2167 cordetuo.
993 2120 1140 2165 Multo
1154 2118 1282 2179 magis
1292 2132 1390 2178 ergo
1415 2113 1604 2159 doch-ina
1627 2112 1839 2171 Euangelii
1853 2116 1894 2156 &
1908 2114 1967 2157 N.
1985 2115 2046 2160 T.

419 2190 522 2234 clara
543 2189 644 2242 erit,
666 2201 778 2233 tanta
801 2188 889 2235 luce
912 2202 981 2247 per
1004 2183 1223 2230 Christum
1237 2177 1662 2242 &Euangeliumjam
1686 2174 1851 2222 diffuse.
1896 2181 1945 2222 In
1968 2177 2043 2242 ips&

416 2255 529 2299 enim
552 2261 641 2298 vita
665 2268 775 2306 erat,
808 2259 855 2305 ξφ
879 2259 970 2296 vita
993 2266 1081 2296 erat
1104 2251 1178 2295 lux
1191 2251 1256 2293 illa
1269 2248 1477 2292 hominum
1494 2241 1597 2307 Joh.
1611 2261 1643 2287 1:
1658 2258 1701 2302 4.
1715 2247 1758 2287 ἅτ
1775 2257 1810 2300 5:
1830 2261 1871 2300 9.
1902 2232 2044 2303 Qtare

416 2320 565 2365 Paulus
577 2323 620 2363 &
633 2319 833 2367 Barnabas
845 2315 988 2362 dicunt
1001 2349 1013 2370 ‚
1036 2334 1129 2361 eum
1141 2315 1206 2376 effe
1217 2313 1489 2374 constitutum,
1501 2325 1550 2356 ut
1549 2310 1607 2368 fit
1619 2311 1693 2353 lux
1697 2315 1896 2371 gentium.
1939 2312 2041 2357 Ast.
2110 2344 2111 2348 ,

417 2401 562 2446 13:47.
586 2388 630 2429 &
653 2385 799 2430 Paulus
822 2381 920 2428 dicit
944 2383 979 2427 se
1001 2377 1076 2427 effe
1099 2377 1264 2425 missum
1280 2413 1290 2431 ‚
1331 2382 1396 2422 ‘Ut
1421 2383 1576 2440 aperiat
1600 2376 1728 2420 oculos
1746 2383 1931 2432 gentium
1955 2409 1967 2430 ‚
1993 2382 2042 2430 &-

414 2465 624 2496 convertat
650 2467 711 2495 eos
734 2448 760 2494 a
786 2447 952 2493 tenebris
976 2448 1034 2493 aa
1055 2450 1194 2492 lucem.
1222 2442 1329 2490 Ibid.
1344 2451 1415 2498 26:
1438 2443 1502 2489 18.
1539 2440 1833 2486 Commendaus
1843 2441 1889 2498 se
1915 2441 2043 2504 ipsum

414 2516 676 2561 declaratione
687 2521 871 2560 veritatis
884 2514 996 2577 apud
1004 2531 1160 2560 omnem
1171 2510 1442 2569 conscientiam
1455 2508 1674 2552 hcminum.
1688 2506 1854 2568 Qodsi
1862 2522 2045 2571 opertum

414 2582 467 2642 est
492 2583 770 2646 Euangelium
792 2580 972 2642 nostrum
993 2613 1006 2636 ,
1029 2585 1075 2626 iis
1098 2584 1170 2642 qui
1185 2591 1356 2642 pereunt
1379 2588 1558 2640 opertum
1581 2572 1647 2635 est.
1685 2588 1724 2620 2.
1749 2575 1857 2622 Cor.
1880 2588 1924 2635 4:
1952 2590 1992 2627 2,
2006 2589 2042 2633 3.

1935 2642 2043 2688 Gra·
