2912 4368
538 1088 628 1135 *DE
662 1089 1000 1135 PRovmmm
1035 1092 1137 1136 Dm·
1176 1105 1237 1136 IN·
1263 1105 1439 1139 spncrz.
1722 1105 1805 1162 343:

200 1173 273 1224 fiac
281 1172 398 1220 tenra-
413 1173 617 1236 Cogitavit
628 1174 742 1218 Deus
753 1171 856 1217 illud
863 1178 904 1217 in
917 1171 1077 1218 bonum.
1095 1174 1266 1235 Gen.45
1275 1193 1284 1219 τ
1293 1191 1372 1237 5,7.
1386 1192 1532 1236 50:20.
1543 1176 1596 1225 ⁴de
1608 1178 1792 1229 Christo:

202 1243 424 1305 Congregati
436 1239 540 1293 sunt
551 1237 745 1294 adversus
769 1236 938 1299 Jesum,
970 1254 1020 1284 ut
1032 1241 1218 1300 facerent
1240 1258 1480 1305 quaecunque
1503 1262 1647 1292 manus
1657 1263 1732 1293 tua
1746 1255 1795 1302 &⁴

202 1305 388 1366 fiustlinm
397 1309 509 1367 prins
519 1302 704 1363 definivit
713 1317 762 1348 ut
762 1303 926 1364 fierent.
940 1305 1041 1350 Ac‘t.
1057 1320 1101 1365 4:
1120 1323 1190 1368 27,
1206 1307 1276 1352 28.

209 1392 216 1417 ι
240 1403 243 1407 -
261 1371 453 1418 LXXIII.
489 1374 600 1429 Quae
610 1380 749 1415 tamen
773 1371 916 1415 omnia
928 1385 1204 1434 congruenter
1222 1369 1371 1419 divinae
1392 1374 1587 1422 ssnstitati
1600 1379 1798 1442 accipien-

147 1379 154 1555 ἱ
205 1434 362 1491 ddunt,
373 1433 573 1498 praecipue
586 1450 683 1480 curn
694 1437 814 1481 Deus
823 1433 1028 1481 obdurare
1037 1441 1081 1482 &
1093 1452 1290 1483 excaecare
1313 1439 1462 1502 impios
1483 1439 1643 1489 dicitur.
1677 1449 1794 1511 ysg-

140 1546 141 1549 ,
196 1539 198 1547 ,
244 1508 368 1549 aevavi
379 1518 444 1548 cor
454 1500 678 1547 Pharaonis
688 1534 702 1555 ‚
737 1507 786 1553 «ῤ’
797 1518 864 1546 cor
865 1501 1080 1559 servorum
1092 1506 1192 1566 ejus.
1225 1502 1365 1550 Exod.
1383 1522 1449 1551 10.
1483 1524 1499 1552 1
1507 1542 1518 1552 .
1560 1508 1793 1556 Obduravit

142 1562 157 1631 i
260 1567 364 1614 'hova
375 1571 488 1613 Deus
500 1580 595 1611 tuus
611 1568 796 1630 spiritum
807 1566 982 1613 Sichonis
994 1576 1093 1634 regis
1106 1568 1296 1625 Chesbm,
1309 1576 1357 1624 (ῤ’
1369 1570 1597 1629 obfirmavit
1608 1582 1792 1621 animum

144 1670 145 1679 ,
203 1636 286 1698 ojus
296 1666 309 1688 ,
340 1647 386 1679 ut
399 1631 574 1678 traderet
583 1634 698 1678 illum
708 1639 752 1686 in
764 1649 935 1678 manum
950 1648 1083 1680 tuam.
1118 1637 1248 1680 Deut.
1263 1651 1303 1681 2:
1319 1653 1386 1697 30.
1421 1636 1540 1697 quod
1551 1638 1720 1699 quidem
1733 1640 1793 1686 fa-

144 1722 147 1748 :
204 1699 351 1754 cignon
363 1697 496 1744 solum
508 1697 859 1760 negative,verum
870 1699 992 1744 etiam
1007 1713 1193 1762 potenter
1205 1704 1247 1745 δε
1258 1699 1364 1760 juste
1380 1720 1390 1747 z
1403 1715 1497 1747 tum
1509 1713 1802 1761 τυγχωςητικῶς,

147 1785 149 1820 3
206 1761 468 1830 permittendo
480 1777 528 1808 ut
539 1760 728 1809 homines
739 1763 875 1810 oblata
888 1763 1024 1811 media
1034 1764 1183 1811 nefarie
1199 1780 1464 1813 contemnant
1475 1784 1487 1820 ;
1514 1781 1606 1813 tum
1618 1776 1792 1824 ὶόηφκτι-

148 1865 152 1895 t
207 1842 269 1886 ,ὅς
278 1864 291 1886 ,
323 1845 408 1875 non
431 1827 680 1875 emolliendo
693 1846 705 1881 ;
733 1842 827 1874 turn
852 1837 1018 1890 ςερηῖικῶς
1035 1864 1048 1885 ,
1081 1833 1254 1893 gratiam
1267 1832 1377 1878 suam
1391 1867 1404 1888 ,
1439 1849 1696 1893 quaecunque
1707 1833 1796 1880 fue-

150 1898 154 1974 i
206 1898 268 1952 tit,
279 1893 511 1946 auferendo,
526 1892 749 1958 postquam
761 1912 806 1940 ea
816 1892 1004 1941 homines
1015 1895 1127 1942 abufi
1140 1897 1232 1943 sunt
1241 1914 1253 1950 ;
1293 1912 1385 1944 tum
1402 1901 1636 1952 κκᾶιφαῖικᾶς
1658 1900 1794 1954 etiam,

206 1962 418 2009 stotomate
427 1977 495 2007 eos
505 1959 772 2023 percutiendo
785 1994 798 2015 ‚
823 1965 864 2006 δι
878 1958 1061 2008 Sathanae
1075 1979 1120 2009 ac
1130 1965 1458 2026 concupiscentiis
1469 1963 1543 2008 suis
1565 1960 1764 2009 tradendo
1777 1998 1800 2019 ,

152 1978 157 2079 i
207 2028 358 2089 diisque
368 2027 549 2090 pluribus
558 2024 695 2072 modis
705 2027 1054 2089 inexplicabilibus
1063 2026 1221 2091 agendo
1232 2064 1245 2080 ,
1262 2029 1413 2089 quibus
1422 2027 1536 2088 justae
1549 2031 1793 2074 excoecatio-

207 2094 263 2141 nis
273 2098 316 2140 &
325 2091 591 2139 indurationis
611 2090 812 2152 judicium
826 2094 869 2137 in
882 2106 1146 2140 contumaces
1168 2094 1322 2140 exserit.
1357 2092 1493 2142 Unde
1501 2094 1537 2139 se
1549 2094 1651 2156 ipsos
1663 2094 1798 2156 porro:

206 2157 384 2206 indurant
397 2158 519 2205 abusu
531 2174 678 2204 eorum
691 2192 704 2213 ‚
719 2158 872 2219 quibus
883 2159 1065 2205 maxime
1079 2161 1252 2206 emolliri
1264 2159 1476 2206 debebant.
1523 2165 1620 2205 Aut
1631 2160 1794 2206 divitias-

207 2224 381 2272 bonitatis
392 2226 503 2289 ipsius
516 2230 564 2278 ὅς’
578 2226 790 2270 tolerantiae
802 2241 850 2270 ac
873 2227 1188 2291 longanimitatis
1209 2229 1422 2272 contemnis
1436 2245 1446 2271 :
1482 2233 1664 2290 ignorans
1686 2228 1796 2287 quod

209 2290 344 2337 bonitas
355 2296 432 2338 Dei
442 2291 499 2337 ad
507 2290 802 2353 resipiscentiam
816 2306 854 2336 te
867 2291 1011 2336 ducat:
1035 2291 1326 2350 sbdsbcundum
1338 2293 1524 2337 duritiem
1536 2306 1651 2335 tuam
1665 2298 1712 2343 &⁹
1725 2309 1789 2336 cor

209 2357 398 2421 refipiscere
419 2356 587 2414 nescium
602 2355 850 2414 thesaurizes
862 2355 934 2401 tibi
944 2364 1050 2403 iram
1063 2391 1075 2411 ‚
1100 2375 1182 2419 quae
1195 2365 1271 2402 erit
1281 2365 1321 2402 in
1334 2359 1395 2402 die
1407 2364 1469 2402 irae
1481 2363 1527 2409 ὠ
1540 2359 1794 2401 revelationis.

203 2423 305 2486 justa
307 2425 557 2486 judicationis
568 2426 649 2468 Dei
661 2428 681 2468 ἒ
714 2425 852 2469 Rom.
867 2439 906 2468 2:
920 2438 964 2483 4,
984 2437 1020 2481 5.
1048 2421 1224 2485 Quibus,
1236 2422 1510 2484 pereuntibus,
1521 2423 1603 2468 Dei
1616 2421 1787 2467 verbum

211 2492 250 2535 δι
259 2488 422 2535 ministri
434 2489 525 2534 sunt
536 2489 630 2534 odor
641 2495 781 2533 mortis
795 2489 852 2535 ad
860 2503 1044 2533 mortem.
1081 2505 1104 2533 2
1119 2492 1226 2534 Cor.
1241 2505 1280 2534 2:
1299 2506 1314 2533 1
1328 2502 1364 2547 ς,
1384 2506 1399 2534 1
1408 2494 1450 2534 6.

260 2557 455 2602 LXXIV.
489 2557 636 2614 Atque
647 2551 728 2599 huc
737 2554 861 2600 etiarn
873 2552 1009 2599 referri
1019 2551 1137 2599 debet
1151 2588 1162 2606 ‚
1199 2552 1318 2614 quod
1330 2559 1450 2600 Deus
1463 2566 1616 2616 peccata
1629 2552 1791 2614 peccatis

212 2623 341 2684 punire
350 2619 515 2672 dicitur;
560 2617 696 2666 habita
709 2621 846 2666 nimir.
871 2620 1028 2665 ratione
1040 2618 1361 2665 antecedentium
1376 2632 1635 2681 peccatorum
1648 2652 1660 2668 ,
1699 2633 1791 2677 quae

213 2687 294 2733 sunt
304 2701 496 2748 tanquam
507 2687 618 2732 causa
632 2686 799 2731 moralis
809 2721 821 2737 ,
859 2699 1028 2748 propter
1039 2701 1166 2745 quam
1191 2688 1307 2730 Deus
1318 2686 1476 2745 aliquos
1497 2682 1635 2729 deflerit
1646 2717 1658 2735 ‚
1697 2683 1791 2727 &in

213 2751 354 2799 knffim
365 2752 586 2816 reprobum
598 2749 722 2798 tradit
735 2771 745 2797 ε
772 2749 875 2797 ficut
886 2751 970 2796 aliis
979 2749 1049 2796 dat
1060 2749 1260 2808 majorem
1273 2751 1442 2811 gratiam
1457 2762 1621 2812 propter
1632 2748 1793 2793 bonum

213 2817 320 2864 usum
330 2819 470 2881 prioris
480 2820 633 2880 gratiae3
647 2833 905 2880 quamquam
920 2821 961 2862 &
976 2815 1057 2862 hoc
1069 2832 1155 2860 non
1170 2814 1253 2861 fine
1263 2817 1344 2861 Dei
1356 2815 1498 2878 gratia.
1532 2818 1588 2859 Et
1600 2815 1696 2874 quia
1709 2814 1798 2858 talis>

214 2882 451 2946 providentia
472 2886 555 2930 Dei
576 2885 679 2930 circa
689 2885 848 2929 malum
873 2881 994 2929 habet
1005 2883 1203 2928 rationem
1228 2897 1360 2944 poenae
1373 2915 1385 2935 ‚
1418 2878 1514 2926 ideo
1535 2881 1576 2924 in
1590 2879 1793 2941 Scriptura

214 2951 319 2996 Deus
329 2947 602 2997 introducitur
613 2984 626 3006 ‚
638 2965 725 2994 non
737 2963 901 2995 tantum
914 2961 961 2994 ut
973 2962 1133 3012 peccata
1144 2945 1335 2993 ordinans
1345 2981 1358 2997 ,
1397 2945 1463 2995 sed
1475 2958 1521 2991 ut
1531 2945 1610 3008 ipse
1621 2960 1792 3006 quoque

214 3015 273 3062 ina
281 3014 523 3078 producens:
548 3033 610 3062 ex.
637 3033 700 3079 gr.
712 3017 753 3060 in
780 3012 1054 3061 Abimelecho
1079 3017 1121 3059 &
1145 3011 1382 3059 Sichemitis.
1415 3013 1537 3073 Mifit
1549 3015 1662 3056 Dens
1685 3013 1794 3075 spiri-

217 3095 297 3127 tum
307 3085 458 3129 malum
469 3089 572 3128 inter
593 3081 905 3129 Abimelechum
929 3086 977 3134 ῤ’
1000 3081 1251 3126 Sichemitas.
1278 3075 1381 3142 Jud.
1392 3094 1436 3135 9:
1453 3075 1792 3140 23.Jeroboam0.

1865 2553 1988 2590 Etiam·

1807 2614 1948 2654 peccata
2000 2631 2007 2638 ·

1811 2664 1953 2710 peccatis

1809 2717 1922 2765 punit»

217 3144 493 3209 Jeroboamnm
504 3166 662 3212 quoque
683 3154 879 3194 excitavit
893 3145 1177 3204 Deusftrvusn
1200 3149 1435 3194 Solomoni53
1472 3150 1531 3187 ita
1543 3158 1590 3186 ut
1601 3143 1811 3186 attolleret·

217 3213 491 3272 nannmstaam
501 3229 640 3260 contra
652 3232 796 3280 regem.
838 3232 854 3259 1
871 3215 981 3275 Reg.
990 3229 1006 3257 1
1019 3230 1054 3258 1:
1072 3219 1139 3258 26.
1155 3206 1516 3272 pseudoprophetis
1529 3204 1700 3252 Achabi.
1734 3209 1794 3250 E-

213 3278 341 3342 graffiis
353 3280 577 3343 erospiritus
602 3281 799 3326 mendacii
808 3286 849 3324 in
863 3297 925 3324 ore
937 3285 1115 3324 omnium
1133 3275 1418 3339 prophetarum
1431 3292 1450 3318 e
1446 3277 1543 3336 jus-z
1572 3287 1661 3317 tum
1673 3271 1792 3325 dixit,

214 3345 384 3404 pellicia,
397 3345 769 3410 etiampraevalebis,
789 3353 856 3391 exi
866 3352 914 3398 όν
916 3347 992 3404 fac
1004 3351 1078 3389 ita.
1114 3359 1137 3388 z
1153 3339 1316 3387 Chron.
1337 3341 1402 3386 18:
1420 3357 1486 3385 2-1.
1499 3342 1541 3383 δε
1555 3339 1634 3382 aliis
1647 3338 1798 3399 impiis.

223 3410 352 3478 Qre
363 3420 480 3458 etiam
493 3413 658 3458 tradidit
671 3431 730 3459 eos
742 3417 855 3458 Deus
866 3419 906 3457 in
919 3407 1197 3474 cupiditatibus
1211 3407 1390 3452 cordium
1393 3404 1564 3463 ficorum
1575 3411 1615 3448 in
1628 3409 1800 3465 impuri-

188 3526 191 3537 *
223 3488 347 3532 tatem,
358 3495 404 3524 ut
406 3478 448 3536 ᾗ»
458 3485 670 3544 ignominia
683 3479 888 3540 afficerent
899 3492 1058 3539 corpora
1069 3474 1234 3538 ipsorum
1243 3488 1316 3536 per
1325 3474 1370 3528 se
1383 3470 1475 3533 ipfit.
1515 3472 1647 3515 Rom.
1674 3485 1707 3513 1:
1727 3484 1796 3527 24.

189 3554 192 3582 ³
223 3539 341 3592 Unde
360 3545 450 3592 tales
470 3559 694 3606 peccatores
719 3557 829 3591 certo
843 3555 1006 3606 peccant
1018 3574 1032 3598 ⁷
1067 3546 1107 3588 δε
1120 3541 1163 3586 in
1172 3539 1338 3602 peccatis
1359 3535 1604 3600 perl‘eVerant
1615 3568 1628 3590 ‚
1665 3532 1797 3579 donec

1711 3617 1805 3662 pet»
