2116 2901
234 1080 294 1114 An
320 1090 422 1114 mum

232 1133 296 1168 dus
306 1142 419 1180 potue-

237 1189 283 1222 rit
297 1185 351 1235 est}
362 1184 402 1221 ab

235 1250 348 1278 &temo
361 1246 377 1277 ‚²

237 1521 382 1568 Tempus

237 1573 332 1611 rebus
353 1587 432 1610 con-

236 1639 328 1666 170βῖ
330 1641 388 1666 um
392 1657 401 1666 .

241 2571 304 2623 aa
313 2570 411 2618 mim·

439 2431 663 2478 ‘conditam
680 2469 692 2485 ,
721 2447 811 2479 ante
833 2432 992 2496 abyffos
1014 2440 1092 2481 &a
1116 2433 1254 2490 suiss‘e,
1279 2452 1433 2481 meram
1445 2436 1707 2482 aeternitatem
1720 2448 1848 2481 notat.
1861 2433 1953 2480 Psal.
1965 2445 2037 2490 90.

446 136 535 205 278
854 131 1719 183 ·L12.‘1.CA1·u·rxL1.
2048 0 2116 158 ’ᾖ

446 228 670 285 antequam
683 218 744 266 hic
755 220 931 266 mundus
942 220 1040 282 effi’t.
1073 215 1174 283 Joh.
1191 235 1210 265 1
1218 237 1259 282 7:
1277 234 1313 278 5.
1349 223 1596 283 Antequam
1611 233 1762 266 montes
1764 225 2021 284 gignerentur
2027 229 2071 284 ,Ἃ
2083 251 2089 256 «

448 293 497 339 &⁶
515 298 748 351 produceres
771 301 923 331 terram
948 293 996 339 (ῥυ
1010 285 1259 348 frugifieram
1271 318 1282 337 ,
1321 283 1400 329 imb
1424 283 1450 329 ἰι
1462 285 1598 342 feculo
1611 286 1666 330 ad
1675 285 1865 343 saeculum
1878 301 1924 332 tu
1935 303 1986 339 es,
2014 286 2053 333 ἃ

444 347 563 399 Deus
576 359 827 415 omnipotens.
862 352 962 396 Psal.
975 368 1049 408 90:
1064 368 1103 396 z.
1141 351 1253 395 Sicut
1263 348 1439 408 ejusdem
1453 351 1664 396 interitum
1677 355 1719 394 &
1733 348 1861 395 finem
1875 355 2063 413 quoque*

447 415 584 464 docet.
622 413 885 480 QinJudaei
895 430 979 462 tam
993 415 1169 462 firmiter
1180 432 1268 460 eam
1278 428 1419 460 tenent
1431 449 1443 463 ,
1460 429 1599 461 contra
1612 416 1865 467 Sabaeorum,
1879 417 2053 476 quibust

445 497 544 528 curn
560 481 821 528 Abrahamus
837 479 1046 543 disputasse
1057 481 1200 534 fertur,
1211 497 1376 534 errores,
1388 493 1535 541 uteam
1549 479 1628 525 fere
1638 481 1742 525 inter
1754 481 1942 527 articulos
1950 481 2043 531 fun·
2102 501 2105 508 ·

446 544 690 592 damentales
703 560 918 592 numerent
931 581 944 601 ,
957 552 998 593 &
1012 560 1153 591 contra
1171 545 1380 592 sentientts
1393 561 1467 608 pro
1480 543 1674 591 haereticis
1685 543 1872 591 habeant.
1911 545 2042 610 Qod

446 613 556 657 enim
583 627 909 672 non-nunquam
933 612 1165 657 fabulantur
1185 609 1238 656 de
1261 612 1410 674 septem
1436 611 1553 656 rebus
1564 644 1576 664 ,
1605 624 1826 670 antequam
1849 625 2042 659 crearetur

447 675 645 731 mundus,
660 674 848 728 conditis,
862 678 1061 722 nimirum
1072 678 1157 739 lege
1168 675 1318 730 Mofis‚
1329 674 1546 729 Gehenna,
1559 674 1943 728 Paradis0,Throno
1952 678 2042 738 glo-

447 743 530 795 riae,
545 743 795 796 SanetuariQ
808 741 1112 805 Refipisoentia‚
1126 746 1169 786 &
1184 744 1353 787 nomine
1366 739 1524 787 Meffiae
1539 774 1553 794 ,
1575 741 1788 802 allegorice
1801 742 1823 786 a
1835 740 2051 804 Magistris

445 810 668 868 exponitur
680 824 692 859 3
709 824 891 868 quorum
916 806 996 852 hoc
1007 807 1180 852 verbum
1193 805 1249 853 est
1262 826 1273 851 ε
1299 821 1518 867 antequam
1532 819 1728 851 crearetur
1740 804 1919 852 mundus
1929 839 1943 861 ,
1964 819 2043 854 erat

443 868 553 916 solus
576 875 690 918 Deus
712 872 951 918 benedi&us
963 889 1005 917 ac
1019 888 1173 916 nomen
1184 871 1282 928 ejus.
1318 875 1388 919 Ut
1400 871 1504 917 maie
1518 869 1663 915 nostro
1686 870 1830 916 saeculo
1843 870 2044 927 Vorstius,

448 935 714 984 Aristotelem
728 955 775 982 ac
782 939 995 984 Platonem
1011 937 1178 991 secutus,
1194 939 1367 985 materiae
1380 939 1643 983 :eternitatem
1655 934 1855 988 docuerit,
1871 950 2040 998 eamque

448 1003 546 1046 Deo
562 1019 743 1048 coaevam
756 1002 950 1048 statuerit.
1757 1058 1760 1061 ¹

514 1068 673 1115 XXIV.
708 1073 867 1114 Verum
891 1070 964 1113 alia
988 1082 1181 1114 movetur
1203 1067 1377 1130 quaestio
1391 1087 1402 1114 ε
1427 1083 1477 1114 an
1491 1065 1671 1113 mundus
1682 1065 1818 1120 saltem
1831 1065 1881 1110 ab
1893 1080 2041 1113 aeterno

451 1127 525 1175 effe
538 1134 717 1193 potuerit
731 1136 744 1179 ἓ
786 1132 921 1195 Qod
934 1131 1163 1180 Scholastici
1175 1136 1327 1197 ingenti
1341 1130 1509 1179 dissensu
1521 1134 1562 1177 in
1580 1130 1724 1177 scholis
1735 1132 1812 1177 suis
1823 1129 2034 1195 disputant,

449 1195 492 1240 in
506 1197 733 1244 Aristotelis
746 1200 801 1244 sui
814 1200 984 1261 gratiam
997 1232 1012 1252 ἱ
1036 1213 1084 1244 ut
1096 1201 1161 1245 ille
1172 1234 1183 1253 ‚
1199 1199 1229 1245 fi
1243 1198 1425 1245 mundus
1440 1200 1488 1244 ab
1498 1212 1651 1243 aeterno
1664 1194 1739 1241 effe
1762 1199 1940 1258 potuerit
1953 1231 1964 1252 ‚
1998 1202 2039 1243 &

451 1260 532 1305 sola
545 1261 626 1308 fide
638 1263 721 1322 ejus
733 1279 846 1310 ortus
859 1282 900 1310 ac
913 1265 1077 1310 initium
1090 1265 1258 1317 constet,
1281 1267 1437 1310 ratione
1448 1265 1583 1310 saltem
1596 1279 1681 1307 non
1695 1259 1881 1307 aberrasse
1893 1263 2040 1308 censea-
2115 1246 2116 1284 ¹

451 1337 534 1380 tur,
559 1341 758 1375 aeternum
783 1331 901 1375 illurn
916 1327 1100 1376 statuens.
1135 1334 1229 1377 Nos
1240 1330 1309 1376 etfi
1323 1347 1391 1375 eos
1404 1331 1477 1390 qui
1489 1326 1716 1391 poffibilem
1727 1325 1875 1373 mundi
1887 1328 2041 1373 aeterni-
2114 1289 2116 1361 i

450 1398 579 1439 'tatem
593 1393 763 1442 afferunt
777 1430 789 1450 ‚
813 1393 1029 1442 difficulter
1041 1395 1161 1441 refelli
1175 1411 1378 1459 putemus,
1402 1397 1447 1440 iis
1457 1408 1593 1440 tamen
1606 1409 1816 1455 aggregare
1828 1409 1902 1438 nos
1913 1393 2040 1438 malu-
2111 1369 2116 1492 l

451 1469 546 1503 mus
558 1494 569 1512 ‚
587 1463 659 1520 qui
672 1462 820 1522 absque
833 1461 1036 1524 principali
1048 1475 1231 1524 tempore
1245 1459 1367 1506 condi
1378 1457 1533 1520 aliquid
1545 1453 1718 1521 potuisse
1729 1471 1888 1521 negant.

518 1527 551 1566 X
560 1528 658 1572 XV.
693 1530 798 1573 Una
819 1527 918 1589 ergo
942 1541 1040 1571 cum
1064 1526 1226 1573 mundo
1248 1540 1382 1572 creato
1403 1537 1638 1586 acceperunt
1649 1524 1788 1568 omnia
1801 1524 1918 1568 suum
1942 1534 2058 1572 ,ξιὸνι-

455 1591 498 1632 &
511 1603 674 1653 tempus,
692 1590 810 1653 quod
822 1594 896 1637 illis
908 1590 1118 1637 admensus
1144 1591 1201 1637 est
1213 1596 1327 1638 Deus
1340 1626 1352 1646 ‚
1376 1588 1577 1652 quodque
1599 1587 1690 1652 ipsis
1714 1589 1838 1635 veluti
1859 1604 2046 1643 concrea-v

454 1655 527 1698 vit.
563 1666 657 1704 Πίςει
690 1666 805 1711 νοέμεν
838 1661 1019 1713 κατηρτὶοῗζ
1050 1662 1109 1706 τές
1135 1665 1260 1701 oia-“me
1278 1664 1399 1715 ρἧοιτι
1433 1656 1593 1715 Soefifide
1613 1655 1893 1714 consideramus
1904 1667 2037 1718 aptata

449 1720 518 1780 ‘ffi’
530 1720 672 1776 saecula
697 1719 816 1764 verbo
837 1724 933 1764 Dei.
965 1719 1097 1765 Hebr.
1112 1735 1162 1764 11:
1179 1736 1212 1780 3.
1250 1721 1383 1765 Inanis
1403 1721 1513 1764 enim
1536 1718 1593 1764 est
1607 1721 1914 1764 Socinianorum
1927 1734 2040 1782 argu·

451 1787 521 1837 tia,
531 1797 691 1846 tempus
702 1800 789 1828 non
801 1781 875 1828 effe
886 1797 1066 1831 creatum
1079 1818 1091 1838 ‚
1118 1800 1213 1829 cum
1226 1783 1344 1830 videl.
1370 1784 1474 1830 illud
1487 1786 1548 1829 vel
1560 1786 1602 1829 in
1625 1797 1810 1846 tempore
1820 1783 1924 1830 foret
1935 1800 2034 1829 crea-

447 1854 545 1894 'tum
560 1883 572 1902 ‚
597 1866 686 1909 quo
709 1850 830 1913 pacto
841 1851 884 1894 in
903 1848 1116 1894 infinitum
1130 1851 1268 1903 iretur,
1292 1851 1355 1894 vel
1368 1850 1417 1894 ab
1429 1862 1580 1895 aeterno
1595 1868 1605 1894 z
1631 1866 1777 1895 verum
1789 1862 1946 1910 tempus
1957 1862 2037 1892 non

452 1913 618 1975 proprie
643 1929 820 1961 creatum
835 1947 847 1967 ,
877 1912 942 1959 sed
965 1915 1082 1958 rebus
1105 1929 1364 1962 concreatum
1377 1913 1449 1968 est,
1472 1931 1569 1959 cum
1582 1913 1631 1961 sit
1644 1928 1805 1960 tantum
1817 1912 1975 1960 duratio
1986 1911 2038 1958 rei

452 1991 607 2032 creatae,
619 1979 711 2023 imo
726 1980 860 2042 potius
871 1976 1023 2023 modus
1034 1978 1348 2042 cogitandi‚qu0
1359 1981 1414 2034 rei
1427 1994 1562 2025 creatae
1575 1977 1834 2025 durationem
1847 1978 2040 2024 mensura-

452 2059 570 2089 mus:
597 2045 732 2103 quales
754 2045 875 2089 etiam
889 2044 980 2088 funt
992 2060 1184 2090 numerus
1197 2049 1239 2089 &
1251 2045 1435 2090 mensura
1446 2079 1459 2096 ,
1495 2062 1587 2105 quae
1602 2045 1835 2106 quantitatis
1856 2043 2039 2088 mensurae

452 2108 567 2160 sunt3
585 2123 631 2153 ut
643 2125 727 2154 non
742 2110 874 2154 solum
889 2111 1168 2171 praesupponat
1181 2126 1239 2155 res
1249 2123 1392 2155 creatas
1404 2144 1417 2164 ‚
1451 2126 1594 2155 verum
1617 2112 1736 2155 etiam
1751 2123 1927 2155 mentem
1938 2101 2042 2169 cogi-

452 2186 606 2220 tantem
633 2188 753 2234 atque
764 2189 825 2219 eas
838 2173 1147 2220 mensurantem.
1184 2178 1245 2220 Ita
1257 2189 1303 2220 ut
1315 2188 1404 2221 ante
1415 2192 1552 2220 rerum
1564 2188 1706 2221 ortum
1720 2176 1880 2219 nullum
1892 2185 2040 2234 tempus

453 2236 576 2284 fuerit
591 2272 603 2290 ,
615 2240 704 2283 imo
717 2256 766 2284 ne
779 2240 944 2301 cogitari
959 2238 1127 2299 quidem
1138 2238 1262 2302 poffit
1274 2257 1285 2292 ;
1299 2256 1396 2286 curn
1411 2256 1496 2296 non
1509 2241 1634 2301 magis
1645 2253 1804 2302 tempus
1816 2244 1858 2285 &
1869 2237 2040 2284 duratio-

453 2318 551 2347 nem
578 2301 660 2348 sme
671 2306 857 2349 creaturis
868 2302 1136 2350 existentibus
1157 2306 1367 2367 imaginari
1379 2305 1496 2350 nobis
1508 2303 1719 2367 poffimus,
1741 2321 1868 2365 quam
1880 2304 2039 2366 spatium

454 2366 539 2413 fine
559 2382 744 2430 corpore.
780 2368 910 2414 Unde
923 2373 965 2413 &
978 2371 1019 2414 in
1031 2372 1231 2431 Scriptura
1241 2371 1263 2415 a
1276 2371 1488 2433 principi0‚
1514 2371 1577 2415 vel
1590 2372 1611 2415 a
1623 2369 1784 2424 saeculis,
1804 2383 1892 2415 ante
1902 2380 2038 2415 terram

456 2498 1072 2627 Prggkgisgokgquaestionem
1084 2598 1097 2622 ,
1122 2581 1172 2612 an
1185 2570 1300 2614 Deus
1311 2565 1521 2615 mundum
1532 2582 1618 2614 non
1631 2566 1810 2630 potuerit
1820 2540 1932 2613 citius
1941 2575 2036 2609 crea-

1985 2638 2036 2680 re,
