2116 2901
0 88 5 113 i

2 130 4 139 '
313 126 388 171 DE
424 127 677 171 optinens
712 124 1017 171 CREATIONIS
1055 138 1111 168 ΙΝ
1147 138 1324 170 serem.
1573 126 1661 186 287

1 224 7 259 f
41 202 170 254 tenfio
184 237 196 258 ‚
230 201 416 266 nihilque
440 207 502 251 vel
529 206 660 250 sentiri
676 205 741 249 vel
755 202 881 249 videri
895 200 1108 266 potuisset:
1140 221 1267 265 quem
1282 216 1450 249 motum
1465 236 1478 257 ‚
1502 203 1593 249 licet
1606 205 1659 250 ab

5 268 8 311 ἐ
43 285 124 316 una
149 271 322 315 materiae
349 284 460 333 parte
484 269 534 316 ad
547 272 663 316 aliam
678 272 879 315 continuo
892 270 1059 317 transcat
1071 304 1083 324 ‚
1119 269 1260 316 eadem
1272 283 1408 315 tamen
1423 269 1479 314 sui
1493 271 1659 329 quanti-

43 349 122 382 tate
134 339 248 381 Deus
264 336 417 397 semper
429 337 635 382 conservat
647 370 659 390 ‚
700 351 823 397 atque
834 352 977 382 omncs
988 352 1049 380 res
1063 338 1106 380 in
1119 336 1191 380 suo
1204 335 1325 390 stam,
1349 336 1411 381 vel
1424 348 1579 389 motus,
1593 336 1659 381 vel

41 402 185 462 quietis
197 437 211 455 ,
245 400 460 463 perdtffare
472 402 578 454 iacit,
613 401 747 448 donec
759 416 923 447 externa
936 404 977 447 vi
990 400 1085 447 inde
1097 399 1350 463 depellantur
1364 420 1373 446 :
1402 415 1450 446 ut
1462 403 1572 450 nulla
1586 399 1660 446 fiat

10 523 12 527 .
41 468 84 513 in
100 468 178 513 Dei
191 468 383 529 operibus
397 470 563 513 variatio
576 503 588 523 ‚
623 467 698 513 nisi
714 484 841 528 quam
854 468 916 513 vel
929 466 1067 513 divina
1077 468 1352 523 revelati0‚vel
1363 464 1524 514 evidens
1536 482 1658 530 expe-

40 534 177 581 rientia
190 531 309 579 docet
321 551 330 584 3
349 548 471 594 atque
485 533 585 579 adeo
598 531 831 596 pauciffima
844 532 947 579 fiant
957 533 1162 579 miracula.

104 599 361 646 XII.Tribus
372 600 508 645 saltem
521 601 676 646 vicibus
687 601 833 662 legitur
846 599 994 645 mundi
1008 597 1116 644 ordo
1128 612 1251 659 atque
1266 614 1419 646 naturae
1433 601 1535 645 ratio
1553 599 1651 656 (ob-
1675 601 1807 640 Mundi

43 664 200 710 scurum
217 682 305 726 quo
319 664 472 720 modo)
481 667 697 712 immutata
710 663 910 711 fuiffessis
922 667 964 710 in
977 664 1471 728 coe10‚Josuae&Ezechiae
1486 679 1647 729 tempo·
1673 657 1833 721 generale

41 746 190 785 re‚cum
204 734 303 794 polo
317 728 455 777 erraffe
468 730 578 777 diem
591 748 678 777 non
692 730 775 778 fine
788 730 954 794 stupore
965 732 1156 776 mortales
1169 730 1647 794 sensere.confiMatt.27:
1671 712 1879 804 2322&

35 812 103 857 45.
132 800 259 843 Semel
273 800 315 842 in
327 812 450 852 terra,
463 806 651 861 ternpore
663 797 822 851 diluvii,
849 813 899 842 cu
906 814 947 842 m
959 798 1119 859 integro
1132 812 1241 841 anno
1254 798 1428 845 desolata
1438 796 1517 844 fuit
1529 811 1648 852 terra,
1671 822 1842 859 immuta·
1860 810 1874 817 ⁴

38 866 80 908 &
92 865 241 908 ultimo
255 863 338 922 ejus
350 862 525 909 semestri
537 865 640 926 leges
652 865 870 911 nativitatis
882 868 924 908 &
937 864 1083 908 mortis
1095 863 1220 907 veluti
1232 862 1420 925 suspensae
1435 862 1615 910 fuerunt.
1670 886 1733 911 tus.

102 932 218 975 XIII.
259 932 531 991 Caeteroquin
556 946 637 975 una
650 947 747 975 cum
760 931 963 975 creatione
974 934 1016 974 δε
1030 945 1101 992 per
1111 944 1202 974 eam
1216 927 1383 974 fundata
1394 929 1487 975 sunt
1499 932 1648 992 princi·
1670 941 1864 979 inCrem'a-

17 1002 20 1006 ’
41 995 102 1059 pia
125 997 319 1041 omnium
333 997 490 1059 legum.
525 1000 546 1041 I
550 1012 623 1041 mo
636 997 715 1058 ipsa
728 997 876 1042 creatio
890 994 1055 1041 vifibilis
1067 993 1181 1055 quali
1194 995 1424 1054 &loquens
1434 1012 1571 1041 rerum
1584 998 1648 1042 lex
1673 1009 1712 1032 ηε
1723 998 1872 1034 omnium

20 1093 21 1101 i
40 1059 96 1107 est
107 1096 120 1117 ,
154 1079 203 1108 ex
217 1079 299 1123 qua
312 1062 392 1107 sola
406 1063 547 1109 multae
560 1078 697 1107 rerum
710 1062 813 1126 leges
823 1060 1025 1108 deduci&
1037 1061 1227 1123 explicari
1238 1056 1426 1122 poss'unt3
1444 1060 1546 1108 ficut
1557 1061 1651 1108 inde
1672 1049 1781 1112 legata
1803 1105 1810 1113 ,

39 1126 94 1174 est
106 1127 335 1191 prohibitio
348 1126 1188 1191 polygamiae,Matth.19:4,5‚8.pri1natus
1199 1127 1291 1179 viri,
1309 1144 1325 1171 1
1335 1129 1510 1173 .Tim.2:
1521 1146 1535 1173 1
1546 1146 1584 1182 2,
1593 1145 1652 1190 13.
1665 1114 1865 1207 imma

41 1193 156 1256 quod
171 1195 418 1241 commixtio
430 1195 669 1240 animalium
682 1192 845 1240 diverfae
858 1194 999 1257 speciei
1010 1194 1133 1242 vetita
1146 1191 1209 1238 fit.
1244 1195 1357 1238 Gen.
1375 1203 1440 1253 36:
1459 1210 1526 1253 24.
1552 1199 1655 1242 Lev.
1833 1193 1868 1209 ‘⁴

46 1276 110 1318 19:
131 1278 194 1318 19.
231 1275 279 1306 ut
292 1265 333 1306 δέ
348 1258 497 1305 deletio
510 1277 555 1306 ac
568 1260 768 1306 extinctio
782 1259 973 1305 universae
987 1258 1153 1318 alicujus
1165 1258 1304 1320 speciei
1319 1292 1330 1311 ‚
1363 1259 1484 1319 quod
1499 1276 1548 1304 ne
1560 1262 1656 1321 qui-

41 1323 133 1372 dem
148 1325 328 1374 Noacho
340 1328 382 1371 in
396 1343 481 1372 arca
492 1327 620 1372 licuit.
657 1328 727 1373 Ut
739 1328 802 1372 vel
816 1344 865 1372 ex
877 1324 972 1388 ipfis
986 1326 1198 1371 creationis
1209 1325 1362 1387 legibus
1388 1323 1532 1372 fictitia
1543 1328 1655 1389 panis

26 1407 27 1410 ’
39 1391 82 1439 in
94 1392 515 1439 transubstantiatione
526 1390 765 1438 annihilatio
777 1391 1055 1456 redarguatur.
1233 1386 1236 1393 ’

100 1461 219 1506 XIV.
255 1457 383 1504 Ordo
406 1473 594 1521 praeterea
617 1460 828 1505 creationis
850 1460 937 1504 talis
951 1457 1030 1503 fuit
1040 1491 1052 1512 ‚
1083 1471 1130 1503 ut
1142 1458 1184 1503 in
1196 1457 1242 1504 ea
1256 1456 1439 1504 {imiliter
1451 1459 1650 1505 elucerent
1671 1466 1762 1504 Ordo
1773 1478 1867 1503 crea-

28 1525 145 1570 ·varia
155 1527 239 1572 Dei
251 1525 442 1572 attributa
456 1545 466 1570 ε
483 1524 685 1587 praecipue
699 1539 835 1570 autem
847 1523 930 1583 ejus
937 1531 1115 1586 potentia
1130 1557 1142 1578 ‚
1166 1522 1270 1569 dum
1284 1541 1476 1586 magnam
1490 1539 1646 1570 creatu-
1665 1523 1760 1583 “ffb
1781 1533 1863 1569 ’Μή

30 1606 173 1641 ¹rarum
202 1605 354 1654 partem
379 1591 577 1653 produxit
590 1591 819 1636 antesolem
832 1595 875 1636 &
889 1588 1030 1643 sidera,
1054 1588 1275 1635 ordinarias
1285 1589 1485 1635 inferioris
1497 1590 1646 1636 mundi
1668 1575 1809 1666 ssfhffat
1858 1636 1867 1643 ,

31 1657 189 1703 causas:
227 1662 397 1711 Bonitas,
409 1655 529 1718 quod
541 1670 760 1719 antequam
775 1655 908 1702 homo
922 1653 1164 1701 conderetur
1175 1656 1210 1701 ei
1223 1654 1482 1701 domicilium
1496 1655 1647 1701 instru-
1668 1639 1867 1721 gijssnpmn:

32 1722 100 1777 *xit
114 1756 129 1778 ,
161 1724 281 1769 rebus
292 1724 488 1769 omnibus
499 1721 551 1769 ad
563 1725 691 1770 vitam
704 1720 828 1768 necess
832 1724 919 1768 ariis
931 1719 1140 1767 abundans
1151 1738 1162 1772 3
1201 1726 1243 1766 ἅτ
1255 1723 1418 1781 reliquis
1432 1723 1647 1767 animanti·
1668 1710 1863 1776 bonitatem,

42 1787 115 1834 bus
126 1790 336 1852 pabulum,‘
362 1793 405 1834 &
417 1787 573 1841 herbas,
590 1794 634 1835 &
648 1787 852 1851 quicquid
864 1789 980 1835 tellus
991 1785 1084 1849 ipsis
1097 1785 1246 1832 alendis
1256 1786 1411 1850 profert
1424 1821 1436 1841 ‚
1449 1785 1541 1845 jam
1557 1802 1646 1834 ante

43 1857 314 1917 praeparaverit
328 1875 337 1901 ε
353 1858 460 1901 varia
473 1854 652 1917 denique
665 1853 748 1913 ejus
758 1852 1082 1918 Sapientia‚dum
1098 1868 1168 1915 per
1181 1853 1327 1914 gradus
1340 1868 1535 1898 creaturas
1547 1869 1645 1915 pro-
1659 1860 1869 1913 sapientiam.

42 1917 158 1967 duxit
171 1956 183 1976 ,
207 1927 249 1967 &
263 1921 455 1985 simplicia
467 1923 577 1984 prius
589 1923 736 1968 creavit
750 1937 877 1982 quam
891 1916 1118 1981 composita
1130 1935 1142 1970 3
1158 1924 1200 1963 δε
1215 1921 1319 1965 inter
1332 1918 1526 1980 fimplicia
1538 1922 1649 1982 prius

43 1985 283 2047 perfectiora
306 2022 318 2042 ‚
352 2005 418 2034 ex,
437 2004 498 2051 gr.
522 1990 655 2034 lucem
670 2022 682 2041 ,
708 2003 836 2048 quam
860 1983 1165 2048 imperfeffitiora
1178 2001 1189 2035 3
1219 1984 1334 2031 ficuti
1356 1987 1398 2029 in
1412 1984 1650 2046 compositis

45 2053 171 2099 rursus
184 2088 197 2108 ,
230 2055 360 2100 veluti
373 2053 557 2100 ducentis
569 2068 722 2100 naturae
736 2051 896 2105 ordine,
922 2052 972 2097 ab
983 2049 1356 2113 imperfectioribus
1370 2049 1418 2095 ad
1430 2050 1648 2111 perfectio-

46 2131 86 2161 ra
96 2118 317 2182 progreffiis
328 2119 386 2166 est
399 2154 411 2175 ,
425 2122 447 2165 ὲ
460 2122 603 2182 plantis
615 2118 737 2165 videl.
752 2117 803 2163 ad
816 2119 1015 2172 animalia,
1022 2131 1144 2177 atque
1156 2114 1252 2163 hinc
1263 2114 1430 2162 tandem
1445 2114 1495 2160 ad
1507 2114 1646 2162 homi·

38 2196 324 2247 «nern‚operum
336 2188 418 2232 Dei
432 2184 713 2249 colophonem
727 2189 768 2230 &
782 2185 970 2245 gloriam.

106 2251 201 2297 XV.
236 2251 364 2315 Ipsius
386 2267 522 2300 autem
547 2252 757 2297 creationis
779 2248 948 2294 historia
961 2248 1193 2311 {impliciter
1206 2283 1218 2303 ‚
1244 2253 1286 2295 &
1300 2247 1383 2294 fine
1396 2249 1481 2293 ullo
1494 2247 1591 2294 fuco
1605 2265 1648 2293 ac
1668 2252 1850 2288 creationis

42 2326 208 2378 Pompa,
221 2320 384 2378 qualern
396 2335 455 2364 res
468 2315 571 2364 adeo
583 2334 730 2379 magna
741 2313 937 2362 fastidiret
950 2349 962 2369 ‚
997 2316 1018 2360 Ξι
1033 2315 1156 2364 Mose
1168 2329 1394 2365 enarratum
1425 2313 1505 2358 live
1518 2331 1566 2359 ex
1580 2331 1646 2358 ve·
1667 2304 1801 2367 stapla
1820 2304 1866 2350 ό·

47 2381 115 2424 teri
136 2381 350 2430 traditione
364 2418 376 2438 ‚
413 2382 494 2429 sive
519 2400 570 2428 ex
598 2381 839 2428 immediata
853 2382 935 2427 Dei
947 2382 1213 2432 revelatione3
1252 2379 1379 2440 idque
1393 2380 1591 2425 succincte
1605 2384 1646 2424 δε
1659 2363 1826 2452 [ἴωῖῖῖζ

49 2443 226 2502 breviter,
240 2452 426 2511 quamvis
440 2451 623 2509 alioquin
639 2449 836 2511 sapientiae
850 2448 1038 2493 naturalis
1050 2446 1170 2491 fuerit
1180 2443 1509 2497 consultissimus
1527 2447 1650 2508 quip-
1669 2429 1690 2452 η
1715 2429 1750 2452 rr
1815 2442 1830 2463 ‘⁸

45 2522 98 2570 ipe
117 2513 266 2560 edoctus
277 2531 431 2562 omnem
445 2516 987 2578 eAEgyptiorumsc'tpientiam
1002 2547 1014 2567 ,
1033 2513 1245 2575 potensque
1271 2522 1311 2555 in
1327 2511 1574 2568 sermonibus
1601 2530 1648 2563 ey

50 2577 227 2636 operibus.
262 2582 361 2632 A&
377 2600 419 2647 7:
436 2599 456 2629 z
467 2599 506 2629 2.
544 2582 643 2631 Satis
667 2582 778 2630 enim
801 2577 952 2630 habens
969 2576 1120 2630 mundi
1133 2579 1368 2639 origincsex
1382 2575 1465 2625 fide
1478 2575 1646 2646 tradere,

1598 2648 1651 2687 iic
