2365 2916
583 202 642 248 30-
958 183 1684 252 L113.-1.CA1³UTV.

580 275 648 319 riis
671 272 913 336 argumentis
938 277 981 318 &
1002 270 1278 318 occasionibus
1301 272 1394 333 quis
1416 267 1466 315 ad
1490 266 1617 314 fidem
1644 264 1790 313 adduci
1814 263 1937 330 poffit
1952 285 1962 312 ε
1989 277 2110 328 atque
2131 265 2199 315 hic
2249 304 2264 312 ,

581 340 701 384 etiam
714 352 840 400 partes
850 337 934 383 suas
946 336 1064 383 habet
1075 335 1261 383 Ecclefia.

646 406 690 451 V
701 408 722 448 Ι
735 408 755 448 Ι
768 407 801 448 Ι.
817 404 1040 465 Multiplex
1052 403 1162 448 enim
1174 400 1424 448 hicEcclefiae
1438 398 1494 445 est
1507 396 1916 460 officium.Fungitur
1928 413 2108 459 namque
2119 415 2200 444 no..

579 469 670 513 tarii
681 469 767 513 vice
779 502 792 522 ,
816 466 866 513 ad
880 470 1098 531 Scripturas
1110 465 1363 512 asservandas.
1401 466 1564 511 Credita
1576 464 1711 521 eisimt
1724 466 1878 526 eloquia
1891 468 1981 508 Dei.
2004 467 2140 511 Rom.
2160 481 2198 526 3.-

529 568 561 589 ,Ω
584 549 621 578 2.
649 537 692 578 δε
714 535 934 596 praeconis,
957 535 1030 593 qui
1041 549 1102 577 eas
1113 534 1362 595 promulgat,
1375 528 1563 577 docendo
1576 546 1707 574 omnes
1711 545 1859 591 gentes.
1880 526 2037 574 Matth.
2053 530 2199 595 28:19.

579 599 869 660 &inter-prens,
888 597 1068 643 habentis
1077 599 1341 660 prophetiam,
1344 597 1567 654 secundnm
1579 596 1898 656 conformitatem
1912 594 2025 655 fidei.
2061 598 2199 643 Rom.

584 679 649 708 12:
665 648 774 722 ys&
798 661 968 708 vindicis
980 697 992 717 ,
1016 666 1090 724 qui
1102 679 1162 708 eas
1172 676 1324 716 tuetur,
1336 661 1459 707 instar
1483 663 1666 706 columma
1680 660 1984 720 &firmamenti
1997 667 2194 708 veritatis.

584 744 620 773 1.
635 729 752 773 Tim.
769 744 804 789 3:
824 745 840 773 1
853 743 887 788 5.
922 730 1029 773 Haec
1041 741 1176 773 autem
1189 729 1332 773 omnia
1344 743 1437 788 quae
1451 727 1628 771 muneris
1641 730 1684 770 δεῖ
1697 721 1824 769 officii
1835 722 2018 770 Ecclefiae
2031 725 2137 781 sunt,
2144 724 2196 772 ad

580 793 864 841 auctoritatem
897 791 981 852 ejus
1015 795 1098 856 rapi
1122 809 1209 837 non
1235 792 1398 839 debent.
1451 793 1748 853 Scripturgrum
1784 789 1886 834 verb
1911 790 2195 839 au&oritatem

581 872 669 902 non
694 856 915 920 dependere
937 859 987 904 ab
1008 859 1246 904 austoritate
1269 874 1312 903 ac
1337 855 1493 917 judicio
1518 854 1704 902 Ecclefiae
1718 887 1731 909 ,
1766 852 1820 900 s1c
1842 870 1968 918 porro
1981 853 2195 903 firmatum

580 938 699 968 imus.
1116 953 1121 958 ·

363 999 410 1045 ό·
420 999 540 1047 confir·
647 991 669 1031 I
681 990 734 1033 X.
773 1004 808 1033 1.
833 989 1033 1049 Scriptura
1055 987 1133 1049 ipsa
1146 985 1367 1033 divinitatis
1382 986 1458 1033 suae
1472 985 1756 1033 certitudinem
1767 984 1904 1031 secum
1915 984 1991 1032 fert
2001 983 2194 1049 indepen-

362 1058 480 1094 matio,
499 1056 557 1091 ni·
580 1064 640 1096 ter
661 1052 711 1097 ab
724 1054 842 1097 ullius
854 1066 983 1098 coetus
1005 1054 1067 1097 vel
1079 1053 1290 1100 tribunalis
1306 1087 1318 1106 ,
1332 1054 1394 1098 vel
1419 1050 1806 1110 hominumjudicio
1826 1070 1835 1095 z
1857 1049 1981 1107 sermo
1993 1059 2099 1097 enim
2110 1051 2193 1098 Dei

362 1111 438 1145 mir.
451 1110 534 1153 [Μ’
579 1116 645 1175 est.
675 1134 710 1162 1.
723 1113 862 1163 Thess.
877 1135 915 1162 2:
933 1134 988 1178 13.
1023 1122 1065 1163 &
1081 1125 1258 1182 potentia
1281 1123 1362 1164 Dei
1374 1119 1430 1163 ad
1440 1118 1618 1175 salutem
1631 1125 1755 1162 cnivis
1779 1118 1963 1162 credenti.
1999 1119 2134 1163 Rom.
2154 1135 2191 1164 1:

359 1174 462 1254 'gaf‘
487 1175 554 1198 ‘m'
584 1188 647 1227 16.
675 1187 809 1227 Sermo
834 1201 944 1228 mens
957 1189 1251 1246 &praecantatio
1282 1201 1372 1228 meet
1395 1201 1471 1227 non
1484 1183 1535 1242 est
1546 1190 1586 1226 in
1592 1181 1842 1245 persuasoriis
1855 1182 2194 1246 humanaesapien-

360 1227 557 1318 „55:332ss
582 1254 638 1291 tiae
650 1247 780 1293 verbis
790 1264 801 1299 3
808 1247 931 1305 fi’dm
944 1249 1265 1308 demonstratione
1268 1249 1472 1312 spirituali
1486 1254 1696 1310 &potente
1712 1267 1722 1293 z
1748 1263 1796 1292 ut
1798 1248 1903 1308 fides
1924 1248 2056 1307 vestra
2077 1251 2195 1306 const-

360 1323 436 1359 dm
459 1321 503 1359 ab
565 1311 656 1370 stat
667 1320 895 1375 inpotentia
909 1318 1002 1359 Dei.
1039 1330 1069 1358 1.
1083 1317 1184 1358 Cor.
1208 1331 1249 1358 z:
1263 1330 1306 1373 4,
1326 1329 1359 1372 5.
1391 1317 1478 1377 Q
1490 1315 1661 1357 voluerit
1674 1315 1927 1358 voluntatem
1928 1314 2065 1373 facere
2076 1316 2194 1369 illius,

362 1374 512 1427 Ecclesia·
577 1385 649 1438 qui
672 1379 773 1437 misit
784 1396 864 1428 me,
897 1377 1089 1440 cognoscet
1099 1379 1145 1423 de
1157 1378 1230 1424 hac
1241 1379 1431 1429 αόἑῖνὶνιά,
1448 1396 1502 1422 an
1514 1395 1565 1422 ex
1576 1383 1661 1423 Deo
1663 1380 1734 1440 fit,
1750 1396 1803 1423 an
1814 1379 1861 1423 de
1873 1396 1936 1423 me
1949 1379 2023 1441 ipfi)
2036 1382 2193 1442 loquar.

405 1436 407 1438 ’
569 1440 673 1504 Joh.
686 1460 729 1504 7:
749 1460 814 1504 17.
836 1444 1053 1488 Nimirum
1066 1445 1267 1505 Scriptura
1302 1444 1381 1506 ipsa
1404 1442 1538 1489 erudit
1562 1460 1639 1489 nos
1651 1478 1663 1495 ,
1693 1441 1796 1504 quid
1808 1441 1858 1488 de
1867 1443 1948 1508 ipszi
1960 1442 2009 1489 fit
2019 1479 2033 1496 ‚
2060 1443 2194 1491 modo

575 1508 753 1553 inveniat
764 1506 911 1553 dociles
925 1512 967 1552 δε
981 1522 1138 1570 paratos
1150 1525 1238 1554 eam
1251 1511 1433 1571 recipere.

642 1574 693 1617 X.
734 1589 773 1618 z.
799 1571 873 1618 Est
885 1575 995 1617 enirn
1009 1576 1186 1627 lucerna,
1201 1590 1294 1634 quae
1312 1575 1483 1636 propriis
1495 1571 1613 1619 radiis
1626 1571 1816 1636 splendet,
1831 1573 1929 1620 Psal.
1939 1592 1953 1620 1
1966 1590 2133 1635 19:105.
2150 1580 2195 1622 &

580 1652 646 1694 19:
662 1655 702 1695 9.
719 1655 812 1698 quae
826 1642 869 1683 &
881 1639 959 1701 ipfiq
971 1639 1140 1698 illustras
1152 1644 1194 1684 ὃ(
1207 1641 1329 1701 aperit
1341 1642 1467 1685 oculos
1480 1674 1490 1690 ‚
1509 1641 1929 1702 quaequefhpzsentiam
1940 1639 2062 1700 affert
2070 1649 2195 1705 impe.

558 1702 563 1723 ἵ
581 1710 658 1747 rito
672 1738 683 1753 ,
714 1709 761 1753 iss
786 1704 824 1749 8.
851 1708 893 1749 &
918 1720 1011 1764 quae
1033 1706 1162 1749 veluti
1186 1707 1346 1750 lucerna
1361 1704 1535 1768 splendit
1557 1712 1598 1748 in
1611 1704 1764 1761 obsturo
1780 1708 1872 1750 loco.
1910 1722 1947 1750 2.
1964 1710 2049 1752 Pet.
2068 1724 2103 1752 1.
2124 1724 2188 1764 19.

584 1771 647 1813 Ita
660 1781 707 1812 ut
719 1784 805 1812 non
818 1784 921 1831 opus
936 1767 984 1814 fit
996 1767 1084 1814 testi
1096 1771 1211 1814 alicui
1225 1767 1416 1814 inhaerere
1429 1803 1440 1823 ,
1475 1770 1549 1829 qui
1561 1786 1649 1814 eam
1663 1770 1781 1816 nobis
1792 1768 1992 1825 ostendat,
2004 1769 2069 1816 sed
2081 1770 2194 1819 suffi-

583 1833 660 1877 ciat
682 1832 815 1878 solum
838 1835 982 1887 oculos
994 1836 1166 1897 aperire,
1192 1833 1480 1897 &luminiipfi
1505 1868 1518 1888 ,
1531 1849 1616 1881 tam
1627 1848 1813 1897 potenter
1826 1835 1898 1880 sese
1908 1837 2119 1898 ingerenti,
2130 1838 2195 1882 in-

583 1911 747 1943 tentum
759 1895 846 1944 effe.

650 1966 691 2009 X
703 1968 738 2009 Ι.
771 1968 888 2010 Cum
911 1978 1009 2027 ergo
1033 1965 1125 2010 libri
1137 1962 1178 2009 hi
1191 1966 1232 2010 in
1246 1964 1318 2010 sese
1329 1979 1415 2011 tam
1429 1963 1558 2010 divini
1573 1979 1796 2027 appareant,
1806 1969 1848 2010 &
1861 1965 2064 2012 coelestem
2077 1982 2195 2030 pror-

583 2028 647 2074 sus
658 2030 790 2074 lucem
802 2027 976 2075 fundant
990 2064 1002 2084 ,
1017 2046 1066 2075 an
1079 2032 1198 2092 recipi
1211 2046 1297 2074 non
1310 2043 1505 2093 poterunt
1517 2028 1590 2073 nifi
1603 2045 1672 2091 per
1684 2044 1897 2076 externum
1910 2030 2196 2092 testimonium

584 2092 768 2139 Ecclefiae
785 2095 800 2139 ἓ
826 2110 876 2139 an
898 2093 978 2140 hoc
1000 2096 1139 2140 lumen
1165 2094 1372 2157 splendore
1384 2113 1427 2141 ac
1439 2098 1481 2140 vi
1492 2095 1559 2140 su&
1572 2110 1659 2139 non
1671 2096 1795 2158 longe
1810 2097 1965 2158 superat
1975 2096 2196 2157 quodcun-

585 2175 667 2219 que
689 2158 875 2204 Ecclefiae
897 2158 1098 2218 judicium
1115 2162 1129 2206 ζ
1156 2157 1323 2206 sufficiat
1348 2159 1421 2223 ipfi
1444 2162 1575 2206 lucem
1599 2157 1702 2205 hanc
1714 2157 1964 2215 monstraffe,
1977 2160 2198 2209 divinitatis

583 2237 701 2269 notas
722 2221 933 2270 ostendiffe
955 2241 967 2275 3
1005 2224 1086 2270 istis
1109 2239 1245 2270 autem
1269 2227 1440 2288 cognitis
1462 2223 1561 2271 fides
1583 2225 1720 2271 nostra
1739 2224 1824 2284 jam
1848 2243 1934 2272 non
1957 2226 2197 2273 testimonio

583 2288 769 2336 Ecclefiae
782 2323 796 2343 ,
829 2288 894 2335 sed
918 2290 996 2352 ipsa
1020 2291 1085 2335 illa
1106 2291 1194 2336 luce
1217 2295 1260 2336 δε
1283 2290 1436 2337 coelesti
1457 2291 1620 2338 veritate
1629 2325 1642 2346 ,
1663 2305 1861 2353 tanquam
1873 2295 2090 2339 communi
2101 2292 2198 2341 fun·

583 2352 795 2409 damento,
811 2356 974 2401 nitetur.

626 2422 724 2464 XII.
741 2423 844 2480 3.Ex
857 2418 1021 2466 adverso
1034 2434 1167 2466 autem
1182 2422 1393 2484 Scripturae
1407 2422 1689 2468 auctoritatem
1703 2422 1752 2468 ab
1763 2421 1947 2468 Ecclefiae
1960 2421 2199 2471 testimonio

585 2482 816 2547 suspendere
826 2520 839 2536 ,
869 2483 972 2546 quid
995 2485 1105 2532 aliud
1117 2485 1174 2531 est
1186 2522 1198 2538 ‚
1227 2503 1353 2547 quam
1380 2488 1663 2534 auctoritatem
1676 2486 1860 2534 divinam
1872 2486 2062 2536 humanae
2074 2488 2158 2549 subj
2164 2491 2199 2535 i-

585 2565 685 2603 cere,
700 2553 743 2594 &
755 2552 853 2596 Deo
865 2566 953 2595 non
967 2552 1078 2597 aliter
1089 2550 1259 2606 credere,
1273 2569 1401 2614 quam
1413 2552 1593 2598 hominis
1604 2552 1714 2599 causa
1727 2569 1739 2605 3
1767 2568 1893 2614 atque
1905 2552 1977 2616 ipfi
1991 2569 2075 2599 non
2087 2557 2200 2602 aliter

588 2613 786 2677 loquendi
810 2614 1050 2679 potestatem
1063 2621 1106 2663 δε
1119 2619 1405 2664 auctoritatem
1419 2617 1512 2665 dare
1523 2652 1536 2674 ,
1550 2615 1625 2663 nifi
1638 2632 1835 2680 quatenus
1856 2620 1892 2664 ei
1904 2616 2073 2665 humani
2087 2619 2200 2666 testi-

2063 2684 2199 2741 monii
