2277 2881
623 126 700 183 336
961 115 1919 163 L13.LCA1›u·r·XLIV.
2237 0 2277 130 ἒ

624 199 766 242 locum
778 212 979 259 occupent
989 232 1002 248 ,
1040 199 1113 258 qui
1127 197 1301 244 libertati
1335 199 1517 259 ipsOrum
1551 197 1782 241 conveniat.
2217 255 2219 258 Α

693 267 850 308 XLVI.
893 265 1005 308 Sicut
1017 277 1153 308 autem
1167 278 1332 308 eventus
1344 260 1573 323 necess'arius
1585 276 1654 307 aut
1666 262 1904 322 contingens
1915 262 1957 305 in
1969 259 2089 307 rebus
2101 257 2236 324 physis

633 329 687 371 cis
699 344 784 371 non
809 327 866 372 est
878 326 1208 373 denominandus
1221 330 1241 373 ὲ
1257 327 1401 373 divino
1413 327 1591 380 decreto,
1607 325 1721 384 cujus
1733 327 1914 388 respectu
1926 326 2065 372 omnia
2076 323 2237 372 neceffa-

628 394 692 438 rio
704 391 828 444 fiunt,
846 394 910 438 sed
922 395 974 439 ab
986 392 1131 438 ordine
1143 410 1270 453 quem
1284 395 1360 439 illae
1374 411 1432 439 res
1444 392 1594 438 habent
1608 391 1657 437 ad
1671 393 1760 436 alias
1773 391 1924 443 causas3
1941 393 1994 437 ita
2006 394 2124 437 etiam
2137 393 2235 438 ratio

627 459 799 503 aetionis
810 460 946 504 liberae
959 475 1046 503 non
1060 457 1118 504 est
1132 459 1306 520 petenda
1329 460 1351 504 ὲ
1376 459 1538 503 decreto
1561 457 1706 502 divino
1717 490 1729 511 ,
1777 455 1891 514 cujus
1914 456 2094 519 respectu
2104 459 2238 503 omnia

627 538 741 568 certo
756 526 960 578 eveniunt,
974 523 1040 569 sed
1052 523 1204 586 pendet
1217 526 1239 569 a
1253 525 1398 570 natura
1411 523 1643 570 causalitatis
1656 523 1818 568 moralis
1829 538 1969 568 earum
1980 538 2133 578 rerum,
2145 538 2234 584 quae
2256 520 2262 536 '⁴

287 599 311 686 ς’
625 591 773 650 pariter
784 591 824 633 in
841 592 1097 636 voluntatem
1111 604 1252 652 agunt.
2032 595 2035 597 ’

288 696 296 704 ,
305 629 593 746 7.9.Adverla-
693 658 875 702 XLVII.
912 669 1046 716 Πρῶτον
1068 664 1192 713 ψεῦδὶς
1216 654 1538 702 adversariorum
1560 653 1619 700 est
1632 689 1645 708 ,
1680 651 1800 714 quod
1832 652 2023 700 libertatis
2055 666 2235 700 naturam

407 727 532 774 ”Qum
628 721 733 764 male
743 723 988 783 concipiant:
1005 738 1102 766 cum
1116 725 1226 767 enim
1239 738 1283 766 ea
1295 722 1428 766 solum
1442 723 1577 783 exigat
1596 734 1642 766 ut
1655 736 1819 781 agamus
1831 735 1927 764 cum
1938 719 2130 773 lubentia,
2141 735 2232 769 curn

407 777 532 866 ZZZ}
624 783 780 843 judicio
793 791 836 831 &
849 785 1036 841 confilio,
1048 788 1105 832 illi
1118 804 1207 833 eam
1222 801 1385 849 ponunt
1397 788 1441 831 in
1455 783 1749 837 indifferentiai;
1787 801 1881 846 quae
1906 798 2045 830 tamen
2067 785 2234 831 libertati

3 871 7 913 j
529 845 544 860 ’
627 865 715 895 non
729 849 786 896 est
797 849 1021 906 essentialis,
1034 851 1099 898 sed
1112 852 1363 898 accidentalis
1373 866 1536 897 tanturn
1549 854 1590 896 in
1605 853 1745 911 aliquo
1759 849 1843 909 ejus
1857 849 1963 896 statu
1975 850 2142 896 morali:
2167 865 2233 896 ne-

2 919 7 945 l
627 932 711 976 que
723 918 844 962 etiam
857 919 998 962 locum
1011 916 1130 963 habet
1143 920 1185 963 in
1197 919 1421 964 voluntatis
1432 917 1588 962 actibus
1600 931 1669 963 aut
1685 915 1887 962 habitibus
1899 950 1911 966 ‚
1929 914 1996 961 sed
2007 916 2231 961 solummo-
2256 930 2261 932 ⁴

625 980 685 1026 do
698 983 739 1026 in
753 981 939 1028 facultate
951 988 994 1028 ὃ(
1006 984 1189 1045 potentia
1200 983 1284 1042 ejus
1295 1000 1306 1035 3
1349 984 1391 1028 in
1405 984 1489 1043 qua
1502 997 1641 1028 tamen
1664 999 1709 1027 ea
1721 981 1875 1044 semper
1887 981 2047 1027 obtinet
2058 1015 2072 1036 ‚
2105 990 2240 1042 quan:

626 1060 903 1109 tumcumque
915 1050 936 1093 a
950 1053 1047 1094 Deo
1061 1050 1250 1095 voluntas
1261 1047 1312 1095 ad
1323 1049 1436 1094 actus
1447 1049 1538 1093 suos
1550 1061 1844 1110 promoveatur
1859 1066 1869 1092 :
1886 1047 1978 1092 imo
1993 1046 2096 1093 vero
2109 1079 2122 1101 ,
2145 1063 2230 1108 quo

626 1114 764 1158 minus
776 1130 850 1159 nos
862 1113 1133 1161 indifferentes
1144 1106 1498 1178 deprehendimus,
1512 1118 1553 1158 &
1567 1129 1656 1173 quo
1668 1111 1814 1170 majori
1828 1111 2098 1174 propenfione
2106 1112 2150 1157 in
2161 1114 2228 1158 ali-
2266 1169 2272 1176 ¹

627 1194 756 1238 quam
770 1196 856 1224 rem
869 1179 1038 1226 ferimur
1052 1215 1064 1235 ‚
1090 1179 1173 1226 five
1185 1180 1304 1243 quod
1318 1195 1403 1226 tam
1416 1182 1518 1226 clare
1528 1180 1730 1225 rationem
1741 1178 1897 1223 boni&
1911 1179 1994 1224 veri
2006 1179 2049 1223 in
2064 1193 2108 1223 ea
2131 1194 2227 1223 con-

624 1244 826 1305 spicimus,
840 1244 922 1291 five
933 1249 1030 1306 quia
1042 1250 1157 1293 Deus
1169 1249 1312 1293 intima
1324 1246 1546 1292 voluntatis
1568 1242 1715 1290 nostrae
1738 1244 1792 1289 ita
1803 1240 1983 1307 disponit
1993 1277 2008 1299 ‚
2041 1258 2091 1289 eo
2103 1245 2223 1307 magis

626 1310 746 1354 nobis
757 1311 945 1358 libertatis
958 1310 1106 1359 nostrae
1120 1313 1265 1358 conscii
1280 1313 1432 1359 sumus.

408 1372 578 1436 eravialeq
587 1394 599 1402 ·
687 1378 892 1422 XLVIII.
927 1381 982 1423 Et
1004 1379 1058 1425 ita
1081 1377 1254 1439 quidem
1278 1377 1533 1441 providentia
1555 1379 1640 1424 Dei
1653 1378 1755 1424 circa
1766 1377 1945 1423 actiones
1985 1375 2155 1421 morales
2183 1376 2223 1420 in

403 1440 453 1464 Μ
477 1432 540 1490 per
567 1441 601 1464 '⁷'
618 1456 759 1502 genere
774 1443 948 1488 versatur
961 1460 972 1495 3
992 1443 1111 1504 quod
1125 1446 1276 1489 veroin
1290 1444 1414 1506 specie
1426 1446 1538 1489 actus
1552 1444 1687 1489 bonos
1702 1444 1908 1488 concernit
1918 1476 1931 1496 ,
1964 1439 2014 1487 ad
2025 1440 2100 1487 hos
2111 1444 2232 1488 Deus·

401 1487 500 1574 {2⁶12
512 1494 603 1575 {gg
621 1508 675 1550 ita
688 1522 762 1551 nos
775 1522 1000 1569 praemovet
1014 1543 1025 1562 ,
1042 1523 1088 1554 ut
1100 1526 1245 1555 eorum
1260 1513 1405 1555 auctor
1418 1525 1505 1553 non
1519 1523 1681 1554 tantum
1696 1508 1745 1554 sit
1756 1510 1798 1553 in
1810 1524 1954 1570 genere
1967 1520 2119 1552 naturae
2131 1541 2143 1561 ,
2159 1521 2225 1552 ve-

409 1602 504 1629 NOS,
621 1588 716 1616 rum
729 1574 849 1618 etiam
863 1572 1086 1619 secundum
1099 1575 1327 1620 bonitatem
1340 1591 1478 1620 earum
1493 1576 1704 1619 moralem.
1777 1578 1826 1618 In
1852 1574 1971 1619 omni
1982 1573 2091 1618 enim
2113 1573 2222 1617 bono

623 1638 717 1682 actu
729 1637 882 1700 duplici
895 1639 1007 1701 quasi
1020 1642 1193 1687 realitate
1206 1639 1370 1687 volendi
1385 1638 1663 1702 defungimur3
1684 1656 1778 1684 nam
1792 1644 1832 1684 &
1848 1639 2010 1684 bonum
2022 1638 2221 1690 volumus,

621 1707 665 1746 δε
678 1703 780 1747 bene
796 1706 988 1752 volumus
1001 1741 1011 1756 ,
1050 1720 1173 1766 atque
1186 1706 1286 1751 adeo
1301 1705 1351 1752 ad
1376 1720 1602 1765 utrumque
1614 1704 1695 1751 hoc
1708 1703 1984 1767 praestandum
1997 1702 2146 1766 duplici
2163 1703 2221 1747 in-

622 1767 650 1812 Η
659 1785 744 1814 uxu
758 1771 841 1815 Dei
853 1787 956 1832 opus
969 1770 1039 1816 est.
1076 1770 1208 1818 Unde
1221 1774 1423 1833 Scriptura
1436 1787 1507 1816 om
1516 1773 1580 1815 nia
1591 1771 1702 1815 bona
1712 1787 1833 1833 opera
1847 1768 1996 1820 nostra,
2013 1773 2053 1814 ὃ(
2069 1769 2221 1821 velle‚&

620 1832 820 1895 perficere,
839 1839 935 1881 Deo
949 1838 1147 1883 attribuit.
1182 1841 1241 1881 Et
1263 1837 1364 1882 dabo
1377 1836 1486 1881 vobis
1500 1853 1563 1882 cor
1588 1853 1741 1881 novum
1755 1871 1767 1886 ,
1813 1843 1860 1889 ὠ
1873 1841 2067 1897 Spiritum
2076 1850 2219 1878 novum

618 1899 718 1944 dabo
730 1907 770 1943 in
783 1903 908 1947 medio
920 1903 1061 1962 vestri:
1100 1910 1147 1956 <9³⁴
1174 1905 1361 1963 auferam
1385 1919 1449 1947 cor
1460 1902 1557 1947 illud
1569 1903 1767 1964 lapideum
1794 1919 1844 1946 ex
1855 1918 1973 1946 carne
1986 1899 2114 1959 vestra
2130 1932 2142 1952 ‚
2174 1903 2218 1950 ὠ·

619 1964 720 2009 dabo
734 1966 844 2011 vobts
857 1985 920 2012 cor
930 1986 1134 2013 carneum.
1169 1966 1322 2013 Ezech.
1339 1974 1405 2028 36:
1421 1973 1490 2012 26.
1526 1971 1637 2012 Deus
1651 1967 1704 2026 est
1716 1974 1786 2029 qm'
1801 1981 1987 2029 operatur
2000 1974 2040 2009 m
2054 1963 2159 2010 vobbs
2173 1968 2217 2016 (ῤ’

616 2032 714 2074 velle
727 2038 774 2084 &0
787 2040 962 2095 operari,
980 2050 1141 2096 propter
1154 2033 1457 2095 beneplacitum.
1492 2030 1596 2077 Phil.
1613 2049 1651 2077 2:
1674 2049 1734 2093 13.
1770 2034 1925 2077 lncltna
1950 2048 2014 2076 cor
2025 2047 2155 2076 meum
2166 2027 2218 2073 ad

614 2095 896 2155 testtficatt'ones
909 2114 1000 2143 tuas
1013 2135 1025 2151 ,
1044 2107 1091 2152 (jv
1106 2117 1154 2143 ne
1167 2100 1224 2143 ad
1234 2102 1408 2143 lucrum.
1442 2097 1540 2143 Psal.
1560 2115 1575 2142 1
1590 2115 1654 2155 19:
1673 2104 1737 2158 36.

679 2163 835 2208 XLIX.
871 2164 982 2209 Sicut
1016 2179 1152 2210 autem
1188 2164 1300 2207 nulla
1325 2165 1407 2210 Dei
1432 2164 1666 2225 operatione
1690 2165 1789 2208 circa
1803 2164 2056 2208 voluntatem
2067 2160 2214 2222 libertas

611 2224 696 2280 ejus
708 2228 867 2272 tollitur
877 2263 889 2278 ,
933 2231 986 2274 ita
998 2232 1120 2275 etiam
1134 2245 1268 2288 neque
1282 2228 1354 2274 hac
1367 2230 1602 2290 operatione
1615 2230 1698 2273 Dei
1711 2230 1812 2274 circa
1823 2229 1985 2273 bonum
1997 2244 2041 2285 ea
2052 2225 2203 2289 perimi·

609 2305 692 2344 tur,
708 2291 773 2338 sed
786 2295 921 2354 potius
936 2296 1230 2354 corroboratur
1242 2311 1253 2346 3
1269 2293 1376 2340 dum
1392 2297 1506 2339 Deus
1520 2310 1658 2339 arcana
1670 2295 1903 2355 operatione
1919 2309 1994 2338 nos
2007 2291 2128 2354 magis
2138 2287 2212 2335 vel·

604 2357 640 2400 le
652 2356 759 2403 facit.
794 2360 858 2403 Sic
871 2374 1006 2405 autem
1018 2361 1175 2405 libertas
1188 2376 1273 2404 non
1287 2359 1472 2411 laeditur3
1510 2373 1604 2404 tum
1616 2360 1727 2404 enim
1741 2359 1902 2404 libertas
1928 2355 2103 2403 volendo
2114 2352 2207 2417 peri-

606 2436 681 2474 ret,
694 2426 736 2466 &
751 2425 938 2469 voluntas
952 2423 1132 2470 volendo
1147 2426 1169 2470 a
1181 2425 1360 2471 libertate
1371 2422 1570 2470 excideret
1582 2460 1592 2474 ,
1623 2422 1742 2484 quod
1753 2421 1998 2486 impossibile
2011 2426 2051 2467 &
2063 2433 2209 2467 contra-

605 2485 832 2533 dictorium
847 2488 904 2534 est
921 2509 930 2534 :
957 2504 1004 2535 ut
1017 2492 1124 2536 recte
1137 2524 1151 2544 ‚
1181 2488 1296 2548 juxta
1309 2488 1489 2552 August.
1506 2492 1696 2536 voluntas
1708 2506 1793 2534 non
1819 2490 1998 2536 libertate
2010 2486 2211 2545 consequa-

604 2565 673 2599 tur
683 2554 869 2616 gratiam,
885 2553 951 2603 sed
963 2556 1090 2620 gratia
1102 2554 1376 2618 consequatur
1385 2557 1628 2603 libertatem.

1998 2623 2049 2665 L.
2100 2615 2222 2683 Naml·
