2116 2901
2020 0 2116 77 Ἦ

2025 79 2028 82 ’
2050 72 2067 93 d

423 139 500 185 302
773 120 1710 177 L13.1.CA1›u·-rXLf11.

489 209 624 254 LXV.
665 203 859 251 Tandem
887 204 983 250 coeli
1008 219 1077 266 per
1089 204 1220 248 multa
1237 201 1377 249 saecula
1389 201 1670 248 observatione
1681 198 1786 246 hanc
1797 200 1958 250 tandem
1969 203 2030 251 αι’-3
2044 208 2049 214 ’
2071 239 2074 243 -

423 285 507 317 tem
533 273 741 318 inventam
755 305 767 325 ,
804 284 928 331 atque
950 270 1328 332 experimentorum
1355 266 1437 314 fide
1457 284 1546 313 eam
1560 266 1717 313 firmari
1731 266 1856 326 ajunt.
1895 267 1966 316 Sed
1976 266 2027 316 a&

427 353 509 397 que
533 339 680 400 inepte.
716 341 832 382 Cum
861 335 1064 381 astrorum
1091 336 1246 380 (celum
1270 333 1462 380 nondum
1490 335 1532 378 in
1557 331 1668 378 hunc
1682 331 1792 379 diem
1805 332 1919 393 juxta
1929 336 2048 398 ipsos„

425 403 571 448 orbem
597 403 717 448 sunm
730 402 948 448 confecerit
962 436 974 456 ‚
1012 400 1065 447 ad
1077 417 1204 461 quem
1217 402 1381 464 triginta
1394 399 1514 446 videl.
1532 400 1737 445 annorum
1752 400 1929 447 millibus
1940 396 2031 465 'ege-³

425 483 465 514 at
477 484 488 519 ;
505 467 691 530 adeoque
704 466 897 514 nondum
910 484 1037 513 omne
1048 466 1203 513 coelum
1217 463 1464 529 perdidiciffe
1476 467 1686 528 potuerint
1698 499 1710 520 ‚
1746 482 1843 511 cum
1856 460 2031 522 necdum·

425 534 485 579 bis
507 533 678 581 eandem
692 536 786 580 coeli
799 533 944 579 faciem
955 569 967 588 ,
1003 548 1125 594 atque
1137 531 1313 578 eundem
1327 531 1505 578 siderum
1517 533 1713 576 omnium
1727 531 1909 593 pofitum
1921 531 2033 580 vide-²

424 601 519 646 rint.
555 605 611 646 Et
625 600 744 661 quod
756 602 1031 663 experimenta
1048 616 1090 644 ac
1103 614 1327 646 eventuum
1343 596 1469 644 fidem
1486 610 1730 646 memorant,
1750 598 1816 643 illa
1836 633 1847 653 ‚
1861 597 1889 643 fi
1902 615 2027 660 quan-

425 664 567 726 doque
579 668 837 729 contigerint,
868 682 952 710 non
966 681 1078 710 vanae
1092 664 1277 719 istae‘arti,
1293 664 1359 710 sed
1371 665 1680 711 vaticinantium
1693 663 1876 719 solertiae,
1889 665 2026 710 consu-

426 734 599 777 lentium
612 732 852 783 credulitati,
872 731 1093 780 fortuitum
1108 732 1286 792 aliquem
1301 732 1435 776 casum
1451 732 1493 775 in
1508 732 1563 775 rei
1576 727 1778 792 praedictae
1791 727 2034 793 i‘mplemen-f

425 810 517 842 turn
534 801 709 844 vertenti
724 834 734 849 ,
762 796 1008 843 daemonnm
1021 814 1152 859 operae
1168 812 1237 844 aut
1250 799 1418 843 occultae
1432 795 1611 857 denique
1623 797 1802 841 numinis
1814 795 2026 858 providen-

424 865 506 916 tiae,
519 863 598 910 isto
610 864 791 910 ludibrio
806 880 922 909 vanas
935 862 1158 908 hominum
1173 877 1326 908 mentes
1339 863 1439 926 faepe
1453 863 1720 925 permittentis
1742 866 1784 906 δε
1796 861 2026 925 castigantis,

425 928 680 976 adscribenda
694 932 799 976 sunt.
828 928 945 975 Idem
960 946 1133 989 quoque
1148 928 1198 974 de
1212 928 1331 990 {ignis
1355 928 1800 991 praediffimibffqueb
1817 932 1944 974 Lunae
1957 931 2027 973 So·

423 995 552 1055 lisque
565 995 807 1059 Eclipfibus,
820 1010 867 1041 ut
880 1001 921 1040 &
933 997 1121 1041 Cometis
1133 994 1263 1057 vulgo
1278 996 1593 1057 petitis,propter
1606 992 1717 1038 hasce
1729 994 1898 1056 aliasque
1908 996 2025 1042 ratio-

422 1077 489 1105 nes
500 1060 761 1107 statues-,dum
775 1061 846 1108 est.
1225 1065 1229 1070 '
2034 1072 2037 1074 “

208 1135 395 1169 Amorum
490 1131 646 1175 LXVI.
682 1130 850 1174 Tertius
863 1126 1067 1173 stellarum
1082 1128 1172 1173 usus
1184 1125 1256 1181 est,
1270 1128 1497 1172 mensurare
1508 1140 1695 1190 tempora
1709 1130 1751 1171 ὃ(
1765 1142 1902 1172 annos.
1929 1131 2027 1173 Exi-

207 1189 285 1247 “lm
295 1198 367 1224 ἐν·
410 1193 527 1253 stant
539 1197 758 1239 luminaria
770 1202 810 1239 in
825 1194 990 1256 expanfh
1003 1197 1187 1239 coelornm
1199 1194 1256 1238 ad
1263 1193 1581 1257 dzsttnguendnm
1593 1200 1695 1238 inter
1705 1193 1809 1238 diem
1823 1199 1870 1245 (ῥ’
1883 1195 2040 1255 nostem]

207 1250 280 1278 ’Μ’
426 1262 570 1318 &stnt
593 1264 761 1324 infigam
787 1261 959 1320 &stata
974 1275 1163 1323 tempora,
1190 1267 1231 1304 in
1244 1260 1535 1312 dies&annos.
1570 1260 1684 1304 Gen.
1703 1275 1738 1304 1:
1759 1271 1825 1319 14.
1861 1260 1968 1305 Sicut
1979 1259 2025 1313 ab

424 1326 498 1370 illis
512 1328 627 1371 variae
643 1328 736 1371 anni
749 1324 1000 1389 tempestates
1015 1362 1026 1377 ‚
1056 1323 1187 1370 meffis
1201 1342 1244 1370 ac
1258 1323 1473 1371 vindemia:
1487 1340 1688 1388 tempora,
1711 1326 1893 1385 itemque
1906 1323 2041 1380 Festaj

423 1393 668 1446 Novilunia,
687 1393 856 1438 Sabbata
869 1397 947 1437 &c.
962 1389 1200 1454 dependent.
2051 1395 2054 1398 ’

207 1460 373 1508 Quartus.
486 1461 668 1505 LXVII.
705 1465 890 1520 Qartus
911 1474 1051 1502 earum
1075 1458 1165 1503 usus
1193 1463 1210 1513 (
1224 1458 1245 1501 a
1258 1459 1394 1522 primo
1409 1474 1493 1503 non
1509 1457 1690 1504 multum
1703 1453 1940 1518 discrepans)
1958 1453 2022 1508 est,

420 1536 468 1568 ut
490 1537 688 1584 tanquam
714 1522 915 1586 lampades
926 1525 968 1568 in
984 1522 1192 1569 immensis
1205 1526 1297 1570 coeli
1311 1524 1439 1586 spatiis
1452 1524 1639 1587 suspensae
1669 1522 1909 1568 mortalibus
1920 1523 2026 1584 super

420 1604 567 1635 terram
583 1591 791 1635 alluceant.
829 1595 998 1651 Simque
1011 1597 1050 1635 in
1067 1592 1284 1636 luminaria
1297 1598 1338 1635 in
1351 1594 1517 1653 expanso
1531 1594 1628 1644 coeli,
1642 1590 1699 1634 ad
1707 1588 1954 1648 affirendum
1967 1590 2025 1634 [κέ

303 1715 309 1722 ἱ
425 1673 508 1702 cem
510 1658 632 1718 super
645 1672 812 1711 terram,
825 1673 865 1701 v.
885 1674 900 1701 1
915 1670 949 1714 5.
975 1656 1123 1716 absque
1137 1673 1225 1716 quo
1238 1658 1391 1719 priores
1406 1656 1495 1701 usus
1506 1657 1647 1700 locum
1663 1671 1749 1698 non
1763 1652 1961 1720 haberent7

208 1720 375 1779 Lemma·
494 1727 530 1767 L
560 1726 562 1729 ’
579 1725 696 1769 VIII.
733 1723 971 1768 Luminaria
995 1735 1130 1767 autem
1156 1739 1303 1785 magna
1316 1735 1517 1767 vocantur
1529 1721 1746 1784 preestrtim
1759 1721 1884 1765 Sol&
1897 1724 2024 1781 Luna,

207 1783 263 1860 ἑή
270 1783 406 1868 gaf*
430 1788 581 1848 quibus
593 1786 669 1833 diei
684 1801 806 1848 atque
819 1789 951 1832 noetis
964 1786 1197 1832 dominatio
1210 1789 1394 1850 contigit,
1411 1806 1453 1833 v.
1468 1795 1531 1833 16.
1558 1794 1814 1849 Qanquam
1826 1783 1939 1830 valde
1951 1785 2024 1829 im·
2040 1786 2044 1791 ’

207 1838 263 1916 nii.
363 1841 407 1865 α’
428 1854 596 1916 proprie
623 1888 635 1908 ‚
670 1858 713 1898 &
738 1870 823 1898 non
851 1852 925 1898 nisi
948 1852 1064 1912 juxta
1087 1869 1295 1899 externam
1309 1855 1579 1915 apparentiam
1595 1887 1607 1907 ‚
1643 1857 1762 1897 Luna
1775 1850 1852 1896 isto
1865 1851 2023 1895 nomine

427 1922 586 1965 veniat:
613 1936 709 1966 cum
724 1922 788 1965 illa
802 1936 871 1982 per
885 1917 920 1964 se
933 1935 1016 1964 non
1032 1920 1160 1981 magis
1184 1921 1378 1965 luminas-e
1393 1917 1442 1964 fit
1456 1952 1468 1972 ,
1504 1936 1631 1978 quam
1646 1917 1853 1980 speculum
1866 1911 2044 1976 aliquod„

425 1999 628 2048 acceptam
642 1987 774 2031 lucem
790 1987 1078 2047 repercutien53
1095 1998 1217 2045 atque
1230 1987 1336 2031 inter
1347 2002 1433 2030 eam
1450 1989 1492 2029 &
1506 1985 1630 2029 solem
1647 2000 1732 2028 non
1748 1984 1884 2027 minor
1897 1980 1944 2027 fit
1954 1977 2024 2025 dif-
2076 1981 2080 1984 ’

423 2050 587 2100 ferentia
600 2086 612 2106 ‚
649 2068 778 2112 quam
803 2052 906 2096 inter
933 2053 1135 2096 lucentem
1161 2050 1366 2096 candelam
1378 2086 1390 2102 ,
1430 2056 1471 2096 δε
1496 2048 1672 2113 lapidem
1696 2051 1837 2094 lumen
1861 2046 1944 2106 ejus
1966 2061 2022 2090 re·
2039 2051 2042 2054 '

426 2116 677 2164 flectentem.
712 2118 860 2162 Multo
884 2113 1021 2164 minus
1044 2118 1242 2162 luminare
1265 2135 1460 2182 magnum
1483 2116 1670 2178 oppolite
1695 2114 1744 2160 ad
1768 2116 1919 2174 reliqua
1930 2109 2021 2157 astra

424 2184 611 2244 appellari
634 2182 789 2245 potest,
836 2199 932 2227 cum
946 2184 1010 2227 illa
1023 2184 1163 2227 lunam
1176 2181 1458 2244 magnitud-ine
1470 2182 1716 2227 immensum
1730 2175 2022 2243 propemodum

424 2249 625 2310 superent.
663 2253 724 2294 Ita
738 2263 784 2294 ut
797 2248 862 2294 hic
875 2252 985 2310 Sps.
999 2249 1183 2292 sermone
1195 2248 1382 2310 populari
1397 2282 1408 2298 ‚
1444 2253 1486 2292 &
1500 2265 1550 2292 ex
1564 2249 1676 2308 vulgi
1689 2244 1923 2310 praejudiciis
1935 2253 2019 2286 orto

425 2328 577 2361 utatur.
613 2319 772 2361 Verum
798 2313 971 2375 quidem
994 2313 1052 2358 est
1064 2348 1076 2367 ‚
1110 2315 1252 2358 lunam
1278 2314 1513 2375 operatione
1540 2315 1581 2357 in
1608 2312 1693 2358 haec
1706 2311 1893 2357 inferiora
1905 2313 1942 2353 &
1956 2304 2026 2352 usuv

423 2383 572 2425 caeteris
596 2382 689 2425 coeli
713 2381 940 2428 luminibus
963 2379 1172 2442 praestare,
1207 2396 1381 2439 eamque
1394 2393 1591 2441 tanquam
1606 2380 1739 2423 noctis
1752 2378 1926 2439 reginam
1939 2371 2041 2426 reli-f

423 2462 559 2506 quum
584 2445 789 2491 stellarum
814 2445 991 2491 chorum
1017 2444 1184 2500 ducere,
1225 2445 1404 2505 ideoque
1430 2459 1629 2507 magnum
1660 2445 1857 2488 luminare
1870 2455 1949 2484 non
1962 2436 2016 2509 in-

422 2510 649 2558 commode
676 2513 875 2574 appellari.
911 2516 1071 2557 Verum
1096 2509 1164 2556 hic
1187 2512 1264 2572 ipse
1287 2510 1370 2569 ejus
1396 2513 1486 2556 usus
1501 2516 1541 2556 Sc
1556 2509 1640 2556 haec
1655 2512 1695 2555 in
1708 2516 1827 2556 tetras
1849 2513 2035 2568 operatio

422 2578 556 2626 rursus
580 2578 693 2641 vulgi
717 2579 843 2624 errori
866 2579 1080 2631 innititur,
1117 2575 1236 2638 quod
1261 2579 1371 2622 mole
1396 2578 1576 2639 corporis
1591 2566 2016 2681 &lucismagnituf'lisse

1876 2652 1916 2683 re
1931 2645 2015 2694 1qua
