2116 2901
8 180 11 220 l
387 140 524 186 ·D1=.
580 139 1070 186 ExrerNrui
1125 140 1290 187 Dar-²
1365 139 1368 145 '
1605 157 1660 199 91

8 224 11 283 i
41 243 132 293 pere
152 223 316 292 poss‘um
329 259 341 280 ,
366 225 465 287 quia
487 223 696 271 existentia
708 223 758 271 de
770 225 916 271 natura
929 228 972 271 ὃ(
984 221 1142 272 essentia
1153 224 1239 286 ejus
1250 223 1321 277 est,
1338 236 1385 271 ut
1397 222 1546 286 absque
1557 240 1600 271 ea
1612 243 1665 273 ne

8 302 10 339 i
45 292 212 356 quidem
235 293 402 354 intelligi
426 287 563 354 poffit.
599 293 752 351 Neque
773 307 872 337 vero
896 292 984 336 ullo
1008 289 1142 336 modo
1154 307 1199 337 ea
1211 305 1257 337 ut
1269 288 1464 353 possibilis
1476 307 1664 352 unquam

44 361 199 423 concipi
212 394 224 411 ‚
251 363 294 404 δε
307 356 422 418 quasi
434 372 485 402 ex
497 354 718 419 hypothefi
733 391 746 411 ,
771 371 818 403 ut
829 372 888 403 res
899 358 1034 418 aliqua
1045 358 1119 402 alia
1130 373 1259 418 quam
1271 353 1469 420 fingimus
1481 391 1494 411 ‚
1507 372 1584 420 pro
1602 375 1667 403 ar.

43 425 166 472 bitrio
178 426 277 488 poni
289 429 332 470 &
344 423 478 469 rursus
489 424 692 468 removeri
703 422 838 485 potest
853 439 976 475 3cum
988 439 1032 468 ea
1044 455 1056 474 ,
1073 421 1103 468 fi
1115 422 1199 482 jam
1212 424 1305 468 actu
1319 438 1404 467 non
1418 420 1467 468 sit
1483 456 1496 476 ,
1517 421 1600 481 jam
1616 439 1668 468 ne

44 489 211 552 quidem
224 505 409 552 unquam
422 484 497 534 effe
509 486 631 551 poffit
642 505 654 540 ;
682 493 725 533 δε
738 487 912 551 proinde
922 505 974 534 ne
986 487 1156 550 quidem
1170 503 1217 535 ut
1228 487 1423 551 poffibilis
1433 488 1483 535 ad
1494 487 1668 534 existen-

45 555 147 605 dum
170 557 328 619 concipi
353 556 504 617 poterit
519 573 528 599 ε
555 569 679 615 atque
691 553 792 599 adeo
805 571 872 600 ens
885 553 966 600 hoc
977 551 1316 616 perfeffiffimum
1330 550 1542 599 necessario
1554 556 1670 617 cogi-

44 623 118 670 tari
129 620 290 668 debebit
301 637 397 667 cum
409 621 657 682 cogitatione
669 618 927 682 impossibilis
949 619 1167 666 existentiae
1192 655 1204 671 ‚
1243 618 1324 665 hoc
1347 618 1404 665 est
1428 653 1441 674 ‚
1467 636 1565 666 cum
1590 636 1670 665 no-

8 695 11 698 ⁴
45 689 156 734 tione
177 687 344 733 summae
370 685 688 748 imperfectionis
715 691 758 730 &
772 684 887 731 nihili
904 706 918 729 .·
945 684 1065 746 quod
1076 687 1270 748 implicat.
1307 687 1347 731 Si
1360 701 1459 747 ergo
1471 684 1558 731 idea
1570 688 1672 731 entis

46 753 203 800 summe
231 752 394 815 perlecti
419 767 505 797 non
529 750 587 796 est
609 768 668 797 res
692 749 792 796 fieta
805 785 817 805 ,
842 766 889 798 ut
902 752 1079 798 centauri
1093 785 1106 805 ,
1119 749 1417 815 hippogryphis
1429 755 1508 796 ἅτ.
1532 749 1598 796 sed
1608 767 1672 797 res

47 834 136 865 vera
149 823 190 864 &
202 817 374 881 positiva
386 852 398 872 ‚
416 834 595 879 quaeque
607 816 707 863 adeo
721 819 762 863 in
775 818 972 862 omnibus
983 814 1224 862 hominibus
1234 818 1445 879 reperitur,
1458 821 1501 861 &
1514 817 1672 877 ubique

47 882 182 931 eadem
205 883 263 930 est
273 920 285 936 ‚
324 900 536 945 quamque
562 899 637 928 nos
661 882 737 946 ipsi
751 883 903 945 semper
914 881 1063 928 eodem
1077 880 1211 927 modo
1225 881 1444 945 cogitando
1459 883 1577 928 nobis
1591 882 1671 927 ob-

48 949 225 1011 jicimus;
252 947 472 995 certiffima
501 951 658 995 ratione
668 947 763 994 inde
774 946 1046 1001 concluditur,
1062 963 1130 993 ens
1142 945 1250 994 istud
1262 949 1356 994 actu
1368 946 1547 1003 existere,
1572 964 1672 994 cum

49 1017 158 1065 aliter
169 1031 219 1060 ne
231 1017 293 1060 vel
305 1017 464 1077 concipi
479 1016 651 1075 quidem
664 1011 801 1077 poffit.

112 1083 165 1126 X.
198 1084 240 1126 A
256 1082 454 1144 posteriori
482 1079 664 1126 similiter
688 1096 739 1126 ex
763 1097 807 1125 ea
830 1077 1091 1126 concluditur
1116 1079 1199 1126 Dei
1223 1078 1431 1125 existentia
1445 1113 1457 1134 ,
1473 1081 1570 1141 quia
1582 1077 1671 1125 haec
1691 1090 1766 1117 tum
1780 1077 1890 1142 ⁶³.P'‘

9 1172 11 1178 ¹
53 1144 134 1194 idea
145 1146 298 1193 causam
312 1148 492 1208 aliquam
505 1147 676 1208 requirit
692 1164 702 1190 t
728 1162 816 1191 non
828 1147 940 1191 enim
952 1147 973 1190 a
987 1147 1107 1192 nobis
1119 1144 1211 1209 ipfis
1222 1144 1356 1192 effiffta
1368 1144 1426 1191 est
1439 1179 1453 1199 ,
1477 1162 1574 1191 cum
1588 1147 1669 1191 im·
1686 1135 1832 1183 flmm-

10 1270 11 1273 Ἰ
55 1212 250 1260 mutabilis
261 1210 324 1266 fit,
350 1217 392 1258 &
404 1214 446 1257 in
460 1213 656 1258 omnibus
667 1209 907 1257 hominibus
919 1209 1059 1257 eadem
1072 1213 1291 1274 reperiatur
1301 1247 1314 1264 ,
1343 1227 1477 1271 neque
1488 1213 1615 1257 ullam
1629 1213 1672 1257 in

57 1294 136 1324 eam
159 1276 394 1340 potestatem
409 1276 627 1324 habeamus
638 1311 652 1333 ,
687 1291 734 1323 ut
745 1294 834 1323 eam
846 1293 923 1340 pro
936 1277 1103 1323 arbitrio
1117 1276 1269 1340 fingere
1281 1279 1345 1323 vel
1355 1275 1552 1339 refingere
1565 1311 1577 1332 ‚
1601 1292 1673 1324 aut

54 1344 136 1390 ullo
149 1341 279 1389 modo
292 1345 511 1392 immutare
523 1378 535 1398 ‚
548 1346 611 1390 vel
622 1345 744 1389 etiam
756 1360 899 1405 negare
910 1340 1108 1405 posfimus
1123 1362 1133 1388 :
1159 1356 1282 1405 atque
1294 1341 1394 1389 adeo
1408 1342 1568 1389 aliunde
1580 1359 1673 1390 eam

53 1406 273 1472 impressam
288 1443 301 1463 ,
325 1414 369 1455 &
391 1412 504 1455 velut
526 1411 738 1456 scintillam
763 1410 813 1454 ab
838 1409 986 1454 aeterna
999 1410 1064 1454 illa
1075 1410 1164 1455 luce
1174 1408 1395 1455 derivatam
1409 1403 1483 1453 effe
1495 1408 1665 1455 constat.

55 1479 104 1519 In
125 1474 196 1537 ipſs>
220 1482 310 1519 vita
320 1476 373 1536 est
386 1509 399 1530 ‚
424 1483 473 1529 όν
485 1483 576 1522 vita
589 1478 663 1523 lux
674 1475 895 1521 hommum.
925 1473 1028 1537 Joh.
1048 1492 1086 1521 1:
1101 1491 1145 1536 4.
1178 1479 1229 1520 In
1243 1477 1392 1522 lumine
1407 1490 1475 1520 tuo
1488 1476 1673 1522 videmus

56 1542 200 1586 lumen.
234 1540 333 1586 Psal.
350 1550 414 1602 36:
434 1559 499 1588 10.

115 1607 155 1650 X
169 1609 204 1651 I.
237 1610 419 1669 Apparet
432 1606 512 1653 hoc
525 1607 813 1671 amplius‚quia
824 1603 912 1651 idea
923 1604 1022 1659 haec,
1046 1604 1190 1668 quoad
1200 1603 1273 1652 effe
1287 1606 1405 1651 suum
1419 1606 1673 1670 repraesenta-

55 1671 187 1718 tivum
201 1705 214 1725 ,
238 1670 318 1717 sive
330 1681 529 1720 vicarium
542 1708 555 1728 ‚
579 1688 744 1719 tantum
757 1670 1015 1735 perfeetionis
1026 1673 1091 1718 seu
1103 1674 1288 1719 realitatis
1316 1671 1385 1730 obj
1391 1674 1531 1719 eetivae
1545 1675 1587 1718 in
1601 1673 1674 1718 sese

57 1738 234 1782 continet
247 1771 259 1792 ‚
293 1752 339 1784 ut
351 1740 373 1784 a
385 1740 504 1785 nobis
515 1773 528 1794 ‚
539 1741 614 1800 qui
629 1738 736 1784 finiti
749 1738 901 1791 sumus,
913 1754 999 1783 non
1013 1740 1141 1802 magis
1151 1755 1240 1784 eam
1253 1740 1433 1784 mutuari
1457 1736 1675 1801 poffimus,

58 1818 180 1862 quarn
204 1802 563 1851 elaboratiffimum
588 1804 617 1850 fi
649 1821 753 1851 num
776 1806 840 1850 vel
861 1804 998 1850 tabula
1022 1806 1072 1850 ab
1095 1801 1390 1867 imperitissima
1403 1820 1530 1849 manu
1542 1803 1677 1867 profi-

11 1864 13 1869 ’
58 1867 145 1913 cisci
156 1903 168 1920 ‚
198 1870 261 1913 vel
283 1872 508 1931 quicquam
532 1872 555 1916 ὲ
577 1873 617 1915 n'
656 1873 710 1915 'lo
737 1868 901 1933 prodire
913 1869 1071 1932 potest3
1088 1868 1189 1914 nihil
1203 1872 1314 1914 enim
1326 1870 1368 1915 in
1382 1870 1501 1915 nobis
1513 1870 1571 1916 est
1584 1904 1597 1924 ‚
1623 1869 1675 1916 ad

42 1932 178 1993 ‘quod
199 1950 286 1979 eam
309 1938 533 1999 exprimere
559 1939 624 1983 vel
646 1934 835 1999 effingere
858 1932 1087 1998 pollemus:
1113 1940 1304 1982 &tamen
1319 1932 1467 1980 necesse
1478 1934 1535 1981 est
1548 1935 1677 1999 perfe-

62 1999 214 2044 &tiones
234 1998 322 2047 istas
333 2037 345 2053 ,
373 2019 475 2063 quas
502 2004 545 2048 in
568 2019 613 2048 ea
637 2003 966 2066 contemplamur
978 2036 990 2056 ‚
1015 2000 1160 2048 habere
1172 2001 1329 2047 causam
1343 2001 1522 2061 aliquam
1534 2018 1673 2047 exem-

62 2065 209 2126 plat-em
232 2070 273 2111 δε
297 2066 511 2126 οἱήεᾶιιπι
533 2070 629 2115 aelu
650 2067 819 2114 existens
834 2101 845 2122 ‚
859 2065 978 2128 quod
991 2069 1053 2113 vel
1066 2067 1290 2114 formaliter
1300 2069 1364 2113 vel
1376 2069 1601 2113 eminenter
1611 2083 1676 2113 eas

32 2170 44 2187 ,
63 2144 202 2176 omnes
224 2132 265 2176 in
289 2133 324 2177 se
336 2135 540 2180 contineat
557 2152 569 2186 ;
594 2132 668 2181 nisi
682 2132 1011 2197 perfeffiffimam
1023 2135 1133 2179 illam
1147 2132 1279 2180 ideam
1305 2135 1367 2179 vel
1380 2149 1430 2178 ex
1441 2147 1535 2180 toto
1550 2134 1678 2179 velex

66 2209 172 2258 parte
183 2195 283 2242 nihil
294 2214 369 2260 pro
381 2199 449 2256 obj
455 2201 547 2245 ecto
560 2199 705 2246 habere
716 2200 898 2247 dicamus
913 2219 922 2245 z
935 2198 1055 2261 quod
1068 2201 1260 2263 implicat.

128 2263 245 2307 XII.
279 2267 427 2325 Neque
448 2266 571 2312 etiam
592 2265 755 2312 aliunde
775 2284 820 2312 ea
842 2267 961 2312 nobis
973 2267 1143 2312 immitti
1156 2267 1318 2329 potuit.-
1343 2281 1429 2311 non
1443 2281 1513 2328 per
1513 2264 1676 2324 ftnstdss

66 2341 160 2372 cum
184 2328 239 2372 illi
262 2327 361 2374 nihil
383 2330 456 2377 nifi
478 2346 621 2379 motus
645 2331 846 2393 quosdam
860 2348 1078 2394 corporeos
1091 2366 1102 2386 ‚
1116 2334 1269 2378 nullam
1284 2346 1419 2379 autem
1434 2330 1599 2392 alicujus
1622 2331 1680 2376 rei

70 2389 212 2443 ideam,
236 2394 352 2441 nobis
363 2397 594 2459 imprimere
615 2396 768 2462 poffint
781 2433 793 2453 ,
818 2397 882 2444 sed
895 2396 998 2444 ideas
1010 2400 1162 2445 innatas
1175 2397 1384 2444 occasione
1397 2397 1570 2443 istorum
1584 2412 1680 2441 mo-

73 2469 190 2503 tuum
203 2473 360 2506 tantum
371 2465 540 2510 excitare
553 2467 633 2527 apti
647 2463 749 2516 fint3
777 2478 910 2526 neque
933 2465 1053 2510 etiam
1066 2465 1130 2510 illa
1143 2481 1235 2525 quae
1262 2466 1302 2509 in
1327 2464 1456 2509 sensus
1469 2465 1682 2508 incurrunt

76 2519 202 2568 ideam
227 2526 332 2571 illam
358 2530 419 2573 vel
443 2529 663 2575 secundum
675 2532 712 2576 se
724 2545 856 2576 totam
870 2565 883 2586 ,
911 2547 1008 2576 cum
1022 2529 1182 2576 infinita
1195 2529 1244 2576 fit
1257 2565 1269 2585 ,
1284 2530 1345 2574 vel
1358 2527 1579 2574 secundum
1591 2544 1685 2590 par-

72 2599 243 2650 regemn
256 2592 301 2643 iis
311 2609 448 2650 careat,
457 2597 500 2643 in
512 2596 548 2644 se
560 2595 915 2661 comprehendunt
929 2617 939 2645 ι
954 2599 1008 2644 ita
1023 2612 1070 2644 ut
1083 2598 1104 2642 ἶι
1116 2599 1302 2645 creaturis
1313 2593 1494 2642 desumta
1508 2611 1593 2640 non
1608 2592 1656 2638 sit
1672 2609 1684 2635 :

1016 2664 1075 2717 ,Μ
1112 2680 1134 2709 z
1617 2673 1689 2704 sse-
