2334 2855
307 148 393 193 De·
427 146 1423 193 ΙΝτειιεςτυὸἑὸόῑεΝἹ-ῙΑΒΕῙ.
1616 157 1696 202 11‘9

0 254 1 258 ¹
55 248 165 303 stura
185 233 389 279 rationalis
411 249 507 278 cum
530 230 592 277 his
613 232 675 275 vel
699 233 774 276 illis
795 228 1102 275 conditionibus
1115 233 1157 273 &
1170 226 1479 276 circumstantiis
1501 228 1695 290 ponatur,

56 341 63 359 f
77 301 264 360 quamvis
284 300 405 344 etiam
430 299 507 343 ill-se
533 295 788 343 conditiones
809 312 1027 356 nunquam
1053 295 1202 341 futurae
1228 293 1320 339 fint.
1360 291 1496 357 Qod
1509 295 1693 356 ipsorum

57 363 325 428 ‚figmentum
349 361 466 409 avide
491 360 715 425 susceptum
738 360 796 407 est
819 362 1086 416 §Socinianig
1117 361 1465 406 Arminianorum
1476 360 1690 422 plerisque,

60 454 62 457 ·
76 434 119 478 &
131 431 224 476 aliis.

141 498 230 541 XX
246 500 335 543 VI.
372 499 533 542 Verum
558 491 644 539 haec
668 509 754 538 non
781 493 939 538 scientia
963 526 976 546 ,
1010 488 1076 537 sed
1111 492 1255 554 opinio
1279 495 1322 537 &
1346 488 1581 549 conjectura
1603 488 1685 541 est3

77 559 189 619 cujus
220 559 421 607 certitudo
446 562 556 605 nulla
579 560 636 605 est
665 594 676 613 ,
724 575 819 604 cum
844 559 1128 620 praesupponat
1151 556 1365 616 objeetum
1389 555 1508 616 quod
1531 571 1617 600 non
1630 555 1688 610 est

79 640 230 673 certum
246 661 257 680 ‚
282 644 353 673 nec
377 643 446 688 per
468 625 851 671 determinationem
864 622 1046 668 divinam
1059 657 1072 677 ,
1098 638 1170 668 nec
1183 639 1254 684 per
1276 621 1500 668 humanam
1517 655 1529 674 ‚
1565 619 1688 666 adeo-

64 709 158 753 que
170 709 241 737 nec
253 692 397 746 scibile,
410 692 546 737 futura
557 693 758 736 nimirum
771 686 1119 743 conditionata,de
1131 688 1282 749 quibus
1293 691 1409 734 Deus
1421 684 1591 737 nihil,ex
1604 685 1687 749 hy-

77 756 248 820 pothesi,
261 756 471 803 decrevisse
482 758 665 820 ponitur.
705 760 822 801 Cum
847 771 946 799 vero
971 754 1054 813 jam
1079 754 1303 816 probatum
1315 752 1559 804 dederimus,
1586 751 1689 798 nihil

67 819 150 888 'esse
159 857 172 878 ‚
189 821 269 869 five
282 823 484 875 futurum,
515 822 596 869 five
608 819 808 885 poffibile‚
832 819 907 865 nis1
920 819 1190 882 dependenter
1202 821 1223 864 31
1236 817 1398 864 decreto
1421 823 1464 864 &
1477 819 1691 866 voluntate

76 890 179 940 Dei3
207 892 296 934 imo
310 892 453 935 omnia
464 891 517 935 ita
529 889 579 934 ab
592 889 634 933 eci
649 887 833 950 pendere,
849 900 895 931 ut
908 887 1019 933 aliter
1036 884 1123 930 fieri
1135 901 1221 929 non
1233 882 1386 947 poffint
1399 918 1411 937 ‚
1425 900 1559 946 neque
1570 885 1621 930 ab
1632 902 1689 930 ςε-

75 968 191 1001 terno
215 957 422 1016 potuerint
436 990 448 1010 ,
474 953 660 1014 adeoque
671 953 773 999 nihil
785 949 859 997 effe
871 954 914 996 in
927 950 1032 997 statu
1045 948 1315 1014 possibilitatis
1328 985 1340 1005 ,
1358 949 1433 995 nifi
1446 948 1565 1011 quod
1576 950 1692 996 futu-

74 1036 167 1065 rum
180 1019 407 1075 est,clarum
421 1020 516 1066 hinc
528 1019 599 1073 est,
616 1021 712 1064 citra
725 1020 981 1065 voluntatem
995 1019 1077 1063 Dei
1090 1014 1192 1062 nihil
1205 1032 1462 1077 quocunque
1474 1014 1607 1061 modo
1620 1015 1688 1061 fu-

75 1099 214 1131 turum
238 1084 312 1134 effe
334 1102 402 1134 aut
414 1084 554 1134 fuisse:
579 1100 627 1132 ut
651 1087 713 1131 vel
726 1084 820 1131 hinc
833 1085 993 1130 scientia
1015 1080 1101 1129 haec
1113 1080 1247 1129 media
1258 1082 1384 1144 longe
1397 1079 1531 1128 adhuc
1542 1081 1688 1128 fortius

71 1149 274 1198 refutetur.

69 1268 75 1274 ,
136 1220 174 1262 Χ
186 1222 224 1263 Χ
239 1223 280 1266 V
293 1225 313 1267 Ι
325 1224 358 1266 Ι.
404 1221 546 1266 Grave
569 1219 690 1263 etiam
704 1216 761 1263 est
774 1251 786 1271 ,
809 1214 928 1277 quod
953 1212 1168 1259 hominem
1193 1214 1247 1259 ita
1259 1215 1323 1260 vel
1335 1212 1496 1268 fficiam,
1509 1215 1571 1259 vel
1585 1229 1690 1277 prae-

69 1282 320 1345 supponant,
350 1288 391 1331 in
417 1285 647 1331 actionibus
657 1285 733 1330 suis
756 1280 1094 1345 inclepenclentem
1108 1281 1129 1324 ὲ
1144 1283 1264 1331 Deo3
1302 1279 1519 1341 praesertim
1534 1281 1574 1324 in
1589 1297 1690 1325 con-

69 1348 252 1404 ·versione
263 1386 275 1405 ‚
291 1353 455 1414 aliisque
466 1353 601 1415 gratiae
615 1351 806 1415 operibus
822 1384 833 1404 ,
848 1364 945 1392 cum
957 1348 1055 1392 citra
1068 1344 1278 1394 decretum
1294 1347 1377 1391 Dei
1389 1343 1545 1406 aliquid
1557 1345 1691 1392 faetu-

72 1430 165 1460 rum
179 1432 367 1478 ponatur.
2064 1438 2081 1493 j
2211 1443 2245 1496 p

70 1518 75 1525 ,
136 1484 390 1531 XXVIII.
427 1489 573 1546 Atque
597 1484 794 1545 amplius,
818 1496 915 1526 cum
941 1480 1095 1525 nullam
1109 1474 1282 1522 doceant
1305 1475 1489 1530 caustim,
1525 1493 1618 1536 quae
1631 1456 1799 1588 regjj'
1812 1455 1846 1591 ζῖ
1868 1495 1882 1530 J
1901 1497 1908 1525 ·,
1924 1476 1948 1523 C
1969 1482 2002 1534 3
2035 1452 2208 1530 ζΙ-εῑέί
2231 1445 2287 1502 ,4

1716 1574 1752 1619 1»
1794 1562 1800 1584 ‘

70 1541 180 1609 hasce
202 1552 477 1614 contingentes
501 1549 767 1603 determinet,
792 1560 957 1610 oportet
980 1561 1048 1590 eos
1072 1543 1300 1589 absolutam
1324 1558 1462 1586 rerum
1475 1541 1525 1586 ab
1537 1557 1698 1588 aeterno
1868 1570 1876 1578 ·
1898 1538 1962 1587 ὃν
1998 1518 2183 1598 5128?-

72 1610 334 1661 necessitatem
356 1615 614 1663 introducere
638 1649 650 1669 ,
687 1631 758 1678 per
779 1629 907 1675 quam
931 1628 989 1656 res
1013 1609 1096 1656 istae
1121 1607 1385 1654 determinate
1411 1608 1559 1654 futurae
1582 1613 1625 1653 &
1649 1626 1691 1654 e-

71 1693 247 1726 venturae
261 1681 349 1734 sint;
370 1701 463 1744 quae
478 1700 573 1728 cum
587 1696 698 1728 extra
711 1679 925 1726 hominem
939 1681 1167 1736 Deumque
1180 1672 1471 1734 fit‚utrumque
1482 1673 1691 1736 ligatffcle-

70 1758 180 1804 oque
192 1763 278 1792 non
291 1747 422 1795 homo
435 1750 567 1794 solum
581 1784 592 1795 ,
608 1746 726 1808 quod
739 1748 780 1791 in
794 1745 912 1790 nobis
924 1742 1073 1800 injuste
1086 1743 1264 1803 culpant,
1276 1738 1343 1784 sed
1358 1745 1400 1785 δε
1414 1744 1530 1786 Deus
1543 1739 1622 1802 ipse
1633 1758 1688 1785 εε-

69 1822 184 1855 terno
197 1817 238 1858 δε
251 1814 455 1861 insolubili
467 1813 552 1860 fato
566 1813 767 1873 subjectus
779 1813 866 1857 erit.
901 1812 1016 1855 Nam
1047 1805 1176 1853 dicere
1188 1840 1200 1861 ,
1228 1821 1303 1851 nos
1314 1807 1499 1867 ignorare
1511 1804 1692 1851 modum

69 1875 304 1939 caufiimque
317 1879 425 1927 unde
437 1896 574 1927 rerum
587 1881 748 1925 illarum
762 1876 952 1924 futuritio
966 1870 1201 1936 dependeat,
1215 1886 1303 1915 non
1315 1870 1372 1916 est
1385 1869 1609 1922 modestiae,
1623 1887 1694 1916 ne-

73 1948 153 2000 que
173 1942 272 1989 adeo
300 1945 495 1993 satisfacit.
539 1949 628 2009 Qi
654 1946 765 1991 enim
779 1955 926 2006 negant
939 1939 1097 1984 causam
1111 1937 1364 1983 fiituritionis
1379 1953 1517 1982 rerum
1531 1934 1605 1981 effe
1616 1954 1696 1984 vo.-

71 2005 265 2055 luntatem
290 2015 396 2068 Dei,
426 2015 483 2058 illi
509 2013 628 2058 aliam
655 2010 740 2071 ejus
763 2009 920 2054 causam
934 2004 1103 2051 statuere
1114 2017 1334 2065 coguntur,
1348 2001 1587 2063 adeoque&
1602 2020 1691 2048 eam

69 2070 160 2118 scire
181 2074 349 2123 debent:
375 2095 504 2139 quam
528 2082 570 2123 &
595 2075 689 2122 dare
713 2077 842 2121 solent
853 2108 864 2127 ,
893 2074 916 2117 ᾗ
940 2072 1152 2116 voluntate
1165 2067 1306 2114 nosti-22
1316 2085 1405 2114 eam
1419 2066 1660 2114 deducendo
1673 2086 1686 2120 3

71 2138 185 2198 quod
199 2158 322 2201 quam
335 2142 554 2190 absurdum
570 2141 632 2195 fit,
650 2142 735 2201 jam
750 2139 912 2185 dictum
926 2135 995 2182 est.

132 2207 289 2267 XXIX.
324 2217 434 2269 Qae
458 2223 594 2254 autem
628 2209 841 2269 Scriptura:
855 2205 918 2249 vel
931 2203 1126 2264 exempla,
1140 2201 1203 2246 vel
1214 2201 1302 2245 loca
1314 2197 1396 2244 huc
1410 2198 1596 2244 adferunt
1608 2234 1620 2253 ,
1648 2201 1691 2244 in

70 2267 216 2333 quibus
238 2273 372 2321 futura
388 2278 522 2336 aliqua
536 2274 610 2319 sub
623 2270 862 2319 conditione
875 2269 1157 2320 enunciantur,
1171 2283 1214 2311 ea
1232 2283 1264 2310 1.
1282 2264 1332 2310 ad
1346 2265 1556 2311 scientiam
1567 2264 1692 2310 vilio..

70 2338 129 2382 nis
139 2341 180 2383 &
203 2337 407 2388 decretum
421 2343 503 2388 Dei
517 2341 719 2403 pertinent
732 2372 744 2389 ‚
773 2353 842 2399 per
856 2332 972 2396 quod
988 2350 1073 2377 non
1088 2334 1220 2377 solum
1235 2347 1294 2376 res
1312 2333 1405 2376 austu
1418 2330 1571 2378 futuras
1586 2365 1597 2384 ,
1624 2348 1692 2375 ve-

68 2418 160 2459 tum
180 2408 300 2452 etiam
313 2426 451 2454 rerum
467 2408 677 2455 omnium,
700 2404 766 2449 seu
783 2402 1033 2453 futurarum,
1046 2399 1111 2444 seu
1125 2395 1392 2460 possibilium,
1408 2395 1530 2448 ordo,
1548 2413 1690 2450 nexus,

69 2465 327 2530 dependentia
348 2480 390 2520 &
403 2470 618 2525 necessitas,
641 2470 706 2515 seu
719 2469 917 2519 absoluti,
931 2465 995 2510 stu
1009 2463 1305 2514 conditionem,
1324 2464 1374 2508 ab
1388 2476 1541 2507 aeterno
1571 2464 1692 2524 poni-

70 2536 149 2579 tur.
197 2553 234 2583 z.
257 2539 455 2602 speciatim
480 2539 546 2584 vel
568 2536 626 2583 est
656 2538 698 2581 in
712 2537 755 2580 iis
771 2531 1014 2595 significatio
1028 2530 1112 2590 ejus
1124 2527 1242 2590 quod
1255 2546 1303 2574 ex
1316 2527 1459 2573 divino
1475 2527 1636 2572 decreto
1654 2532 1696 2571 ee

71 2598 321 2664 ordinatione
329 2606 594 2670 consequitur
605 2619 617 2657 3
634 2603 738 2665 quin
748 2602 889 2663 potius
900 2612 989 2644 non
1002 2611 1087 2645 tam
1101 2593 1312 2663 praedictio
1326 2595 1382 2640 rei
1394 2592 1557 2646 suturae,
1569 2609 1699 2678 quarn

1598 2673 1704 2701 Inui·
