2339 2932
437 751 516 799 Θέμι
532 744 578 798 fit
601 759 638 784 0-

643 136 724 195 334
960 132 1602 180 L1n.1.CApu*r
1667 130 1926 181 XLIV.
2243 0 2338 166 Ξ

2268 192 2298 210 aa>

709 217 933 265 XXXVII.
970 215 1089 263 Idem
1102 220 1144 262 &
1157 216 1261 261 ratio
1286 217 1448 262 evincit.
1483 219 1601 261 Cum
1625 217 1734 260 enim
1748 215 1910 261 libertas
1925 217 2105 263 maxima
2114 215 2248 268 homi.
2286 236 2287 240 ¹
2302 244 2308 248 -

645 285 707 329 nis
721 282 769 329 fit
782 281 994 346 perfectio,
1008 280 1143 327 homo
1156 298 1247 327 eam
1262 282 1284 326 a
1296 284 1410 334 De0‚
1423 295 1618 342 tanquam
1634 282 1656 325 a
1667 282 1798 343 prima
1823 281 1937 327 caula
1958 280 2092 330 habet.
2145 287 2250 336 Sicut

644 350 757 393 enim
791 349 928 393 omnis
960 347 1148 410 sapientia
1159 360 1285 392 creata
1298 344 1534 409 dependeta
1557 346 1718 391 summa
1742 347 1953 409 sapienti&
1990 349 2046 393 ita
2058 352 2192 398 omnis
2205 354 2251 399 li-
2299 350 2301 353 ⁴

646 414 776 459 bertas
787 411 959 459 includit
971 414 1094 458 talem
1106 410 1297 458 ordinem
1308 446 1312 449 .
1322 410 1371 457 ad
1385 414 1568 474 primum
1581 412 1757 457 liberum
1773 431 1782 456 ι
1808 413 1862 457 ita
1875 426 1920 458 ut
1932 412 2006 459 nifi
2019 417 2136 461 Deus
2157 433 2252 481 ope-

644 493 800 525 raretur
809 478 933 524 libere
947 513 960 533 ‚
974 480 1085 524 nulla
1096 479 1218 524 etiam
1230 476 1337 523 foret
1348 477 1507 523 libertas
1519 480 1560 522 in
1574 477 1705 523 rebus.
1740 476 1902 523 Deinde
1915 512 1928 533 ‚
1963 495 2059 525 cum
2082 482 2253 530 actiones
2272 482 2282 503 ³

645 546 872 590 voluntatis
884 561 942 590 res
954 543 1138 606 positivae
1152 543 1230 589 sint
1242 548 1284 588 δε
1298 541 1415 588 modi
1428 542 1654 588 substantiae
1668 544 1744 588 suae
1758 559 1769 594 ;
1797 558 1884 587 non
1898 546 2035 590 minus
2046 545 2068 590 a
2080 549 2176 593 Deo
2188 547 2254 596 de-

650 609 843 673 pendebit
867 609 1085 656 substantia
1106 609 1172 655 illa
1184 643 1197 664 ‚
1232 606 1375 669 quoad
1399 607 1577 657 modum
1602 613 1644 654 δε
1656 610 1936 672 operationem
1959 610 2071 656 suam
2083 647 2097 668 ‚
2131 630 2254 675 quam

652 673 797 738 quoad
808 674 1061 721 existentiam
1075 680 1117 721 &
1131 674 1477 720 conservationem
1489 674 1614 720 suam.

718 743 964 788 XXXVIII.
1000 742 1204 804 Operatio
1228 754 1365 786 autem
1378 742 1461 785 Dei
1483 741 1526 785 in
1549 741 1805 786 voluntatem
1819 756 1904 786 non
1928 740 1986 787 est
1998 743 2254 807 concipienda

436 806 562 854 peratio
574 803 637 839 Dei
655 823 725 871 per
736 805 915 852 modum
928 807 1161 860 concursus,
1175 808 1238 852 vel
1252 805 1469 868 praecursus
1481 840 1493 859 ,
1507 807 1569 851 vel
1581 806 2013 869 praedeterminationis
2024 843 2036 863 ,
2071 808 2121 855 ad
2133 828 2253 877 quam

441 861 479 894 in
507 857 633 895 volun·

441 921 548 950 tatem
564 919 580 950 ἓ

656 874 844 919 voluntas
855 872 927 919 sese
943 870 1093 935 paffive
1106 869 1311 923 habeat3hi
1324 873 1433 916 enim
1448 872 1539 917 sunt
1551 871 1750 933 loquendi
1764 871 1905 927 modi,
1926 871 2099 921 desumti
2111 877 2132 920 ὲ
2145 877 2255 925 rebus

657 939 860 1002 corporeis
872 972 884 992 ‚
908 942 951 983 &
964 938 1014 983 ab
1027 936 1125 983 ideis
1136 935 1232 983 inde
1247 935 1397 983 haustis
1411 955 1420 981 z
1457 938 1593 982 multo
1607 940 1743 983 minus
1753 936 1871 999 quod
1885 937 1935 984 ad
1947 940 2255 990 conservandam
2312 937 2315 939 ’

657 1006 811 1050 arbitrii
820 1004 1046 1049 libertatem
1059 1004 1274 1049 concursus
1285 1000 1351 1048 hic
1363 1001 1596 1048 statuendus
1609 1003 1658 1049 fit
1669 1005 1859 1067 generalis
1869 1037 1883 1059 ‚
1894 1003 2127 1054 indifferens
2138 1041 2151 1062 ‚
2184 1010 2258 1055 ob..

656 1071 760 1121 latus
773 1105 785 1125 ‚
821 1071 979 1130 quique
1001 1066 1316 1114 considerandus
1329 1067 1392 1123 fit,
1416 1077 1508 1115 tum
1523 1071 1564 1113 in
1589 1071 1683 1115 aetu
1695 1071 1833 1131 primo
1846 1104 1859 1124 ‚
1894 1072 1968 1130 qui
1979 1070 2081 1118 nihil
2093 1071 2200 1120 aliud
2212 1073 2257 1122 fit

660 1153 790 1197 quam
803 1136 990 1180 voluntas
1002 1133 1297 1188 concurrendi,
1324 1151 1450 1195 quam
1464 1136 1612 1180 iterum
1626 1137 1800 1198 primam
1826 1140 1869 1180 &
1882 1133 2182 1185 antecedentem
2205 1139 2258 1186 fa-

663 1203 779 1247 ciunt
793 1236 806 1256 ‚
846 1205 889 1246 &
912 1199 1127 1246 secundam
1140 1200 1206 1245 seu
1230 1200 1543 1262 consequentem
1557 1218 1568 1253 3
1585 1215 1676 1247 tum
1691 1203 1733 1246 in
1746 1202 1840 1246 aetu
1852 1201 2050 1256 secund03
2089 1222 2180 1265 quae
2193 1203 2259 1252 ad-

665 1269 934 1313 versariorum
971 1268 1080 1312 tricae
1127 1266 1220 1311 sunt
1248 1285 1258 1310 τ
1295 1282 1428 1326 neque
1450 1268 1573 1311 etiam
1595 1269 1660 1312 illa
1684 1266 1947 1330 concipienda
1980 1268 2037 1315 est
2071 1281 2259 1332 tanquam

663 1334 773 1378 aetio
786 1334 869 1379 Dei
881 1335 923 1377 in
935 1333 1190 1379 voluntatem
1203 1332 1436 1386 extrinseca,
1449 1334 1512 1377 vel
1522 1347 1720 1393 tanquam
1734 1347 1874 1379 motus
1886 1335 2029 1394 aliquis
2040 1337 2258 1399 &impetus

666 1399 871 1443 voluntati
883 1399 934 1443 ab
945 1411 1055 1443 extra
1066 1396 1218 1444 inditus
1232 1417 1241 1442 :
1258 1390 1368 1442 nulla
1378 1399 1488 1442 enim
1501 1397 1690 1460 ponenda
1702 1397 1759 1443 est
1770 1399 1856 1444 talis
1867 1401 1952 1445 Dei
1965 1403 2146 1462 operatio
2159 1436 2171 1457 ‚
2184 1418 2265 1463 qua⁴

668 1462 824 1525 aliquid
836 1466 1006 1525 ponitur
1018 1477 1129 1508 extra
1142 1464 1415 1515 voluntatem,
1431 1462 1549 1523 quod
1562 1481 1650 1509 eam
1665 1462 1918 1516 determinem
1934 1481 2130 1528 repugnat
2141 1469 2257 1519 enim,

669 1529 844 1575 liberum
857 1527 946 1583 effe,
960 1534 1001 1573 &
1015 1544 1083 1590 per
1097 1526 1275 1573 modum
1290 1530 1474 1591 principii
1488 1527 1645 1591 physici
1659 1529 1708 1574 ab
1719 1530 1797 1574 alio
1810 1528 2080 1578 determinari.

735 1596 860 1640 XXX
871 1600 881 1638 1
891 1598 922 1636 X
933 1629 944 1640 .
978 1596 1088 1640 Sicut
1099 1611 1197 1655 ergo
1211 1596 1398 1639 voluntas
1411 1594 1588 1640 volendo
1601 1595 1636 1639 se
1647 1593 1889 1644 determinat
1901 1630 1913 1651 ‚
1948 1613 2020 1643 nec
2030 1600 2101 1643 alia
2113 1597 2263 1660 fingen-

604 1678 608 1680 ·
670 1658 722 1706 da
734 1660 792 1706 est
805 1661 950 1706 volitio
963 1659 1046 1722 qud
1060 1693 1072 1713 ‚
1107 1661 1180 1703 alia
1195 1676 1292 1705 Vero
1305 1658 1355 1705 ad
1368 1677 1494 1722 quam
1509 1659 1544 1704 se
1557 1661 1725 1722 applicat
1737 1663 1939 1708 volunt-as.
1975 1667 2035 1709 Ita
2049 1680 2178 1726 neque
2190 1662 2263 1709 fin-

670 1725 856 1788 gendum
870 1725 940 1780 est,
955 1726 1134 1771 formam
1147 1726 1326 1785 aliquam
1341 1726 1402 1770 vel
1416 1727 1501 1770 vim
1515 1726 1536 1770 a
1551 1729 1646 1771 Deo
1661 1728 1864 1772 voluntati
1876 1730 2055 1790 imprimi
2068 1765 2080 1781 ‚
2118 1747 2198 1791 qua
2207 1747 2264 1776 re-

669 1790 890 1854 stringatur
902 1789 952 1836 ad
965 1789 1045 1836 hoc
1056 1792 1119 1835 vel
1131 1789 1232 1835 illud
1255 1789 1498 1836 volendum.
1545 1790 1631 1853 Ipsa
1658 1794 1768 1837 enim
1781 1791 1917 1839 divina
1940 1798 2120 1857 operatio
2142 1798 2181 1841 in
2195 1811 2264 1841 vo-

674 1858 889 1910 luntatem,
902 1854 1051 1920 passive*
1066 1870 1236 1917 accepta,
1250 1854 1351 1900 nihil
1363 1854 1419 1900 est
1432 1854 1541 1900 aliud
1553 1874 1679 1916 quam
1694 1859 1772 1920 ipsa
1787 1860 1973 1907 voluntas
1987 1894 1998 1914 ‚
2012 1859 2063 1906 ad
2075 1859 2263 1923 agendum

675 1922 698 1966 a
711 1926 809 1968 Deo
845 1924 1015 1969 excitata
1027 1956 1040 1977 ‚
1075 1920 1241 1982 ejusque
1265 1922 1410 1967 volitio
1425 1926 1466 1966 ὅ(
1480 1923 1592 1967 aetus
1604 1956 1617 1977 ‚
1653 1938 1853 1983 quatenus
1864 1926 1921 1970 illi
1945 1925 2114 1972 adivinss
2127 1928 2265 1974 virtute

671 1988 918 2049 procedunt.

742 2057 834 2099 XL.
873 2052 1061 2115 Qando
1096 2054 1219 2114 igitur
1243 2054 1419 2098 actiones
1440 2055 1578 2100 elicitae
1592 2055 1812 2101 voluntatis
1825 2057 1846 2101 a
1861 2060 1956 2102 Deo
1969 2056 2266 2121 producuntur,

679 2117 782 2164 nihil
795 2118 904 2164 aliud
916 2117 1229 2180 concipiendum
1243 2117 1302 2163 est
1315 2153 1326 2172 ‚
1341 2136 1467 2179 quam
1482 2120 1730 2165 conservatio
1746 2122 1808 2166 seu
1823 2125 2017 2169 continua
2043 2126 2184 2170 creatio
2207 2136 2267 2169 aut

680 2183 946 2247 reprodu<5tio
959 2184 1105 2230 mentis
1117 2183 1265 2229 nostrae
1278 2219 1291 2238 ‚
1326 2201 1453 2245 eaque
1464 2188 1572 2231 varia
1585 2220 1597 2240 ‚
1632 2187 1716 2247 qua
1730 2190 1846 2233 Deus
1859 2189 1979 2234 simul
1992 2203 2168 2235 mentem
2179 2187 2269 2247 ejus-

680 2267 763 2311 que
788 2251 1058 2313 cogitationes
1081 2250 1264 2294 variatim
1289 2251 1343 2294 ita
1369 2250 1573 2311 producit.
1647 2254 1881 2300 Aet-{onum
1908 2269 2043 2301 autem
2068 2254 2270 2301 voluntatis

682 2317 972 2377 imperatarum
987 2314 1088 2360 ficut
1101 2330 1187 2359 non
1201 2313 1309 2360 aliud
1321 2315 1378 2361 est
1390 2314 1710 2363 fundamentum
1725 2354 1736 2369 ,
1765 2337 1891 2380 quam
1905 2322 1970 2366 illa
1984 2323 2063 2368 Dei
2074 2324 2114 2367 in
2141 2314 2270 2366 natur&

664 2402 667 2403 ⁷
683 2380 924 2427 constitutio
938 2385 978 2425 ὃς
991 2378 1128 2438 juffio,
1143 2398 1224 2440 qua
1239 2395 1367 2426 certos
1380 2384 1560 2444 corporis
1573 2399 1725 2435 motus,
1745 2401 1841 2430 cum
1855 2389 1967 2432 certis
1979 2385 2272 2450 cogitationibus

684 2448 847 2500 mentis,
859 2442 900 2491 δὲ
920 2443 1106 2499 vicissim,
1119 2447 1253 2491 voluit
1267 2443 1340 2491 effe
1353 2463 1561 2493 connexos
1576 2465 1588 2501 3
1603 2451 1656 2494 ita
1671 2451 1800 2513 porro
1814 2450 1913 2497 nihil
1925 2451 2032 2498 aliud
2043 2453 2263 2512 requiritur,

685 2528 813 2571 quam
837 2513 982 2557 mentis
1004 2517 1046 2556 &
1059 2514 1241 2573 corporis
1269 2511 1397 2558 nostri
1422 2532 1517 2559 cum
1550 2529 1701 2561 mutuo
1717 2514 1796 2562 hoc
1811 2533 1918 2563 nexu
1942 2517 2182 2563 conservatio
2194 2549 2206 2570 ,
2235 2518 2275 2560 δι’

680 2575 799 2637 ’(μιειίῐ
813 2579 1006 2623 continua
1020 2579 1183 2633 creant),
1199 2594 1291 2639 quae
1304 2579 1358 2624 ita
1371 2579 1420 2627 ad
1434 2582 1611 2628 actiones
1629 2581 1784 2629 nostras
1795 2585 2006 2647 imperatas
2019 2580 2171 2631 sufficie

2078 2685 2093 2688 a.
2165 2645 2272 2690 XLI.
