2116 2901
243 1792 352 1838 Qem
361 1783 432 1828 vt}-

241 1846 290 1881 νιέ
299 1844 389 1882 detor
395 1866 405 1872 μ

239 1910 342 1947 quem
365 1904 424 1935 So-

241 1953 382 1993 ciniani·

462 143 547 179 zoo
816 130 991 176 Lrss.
1069 130 1106 175 Ι.
1171 124 1827 174 ΟΑ“ΡυΤΧΧΧῙῙῙ.

458 219 602 274 Qem
627 207 841 274 hymnum
864 208 1129 274 Seraphicum
1139 212 1273 257 Vetus
1283 205 1473 262 Ecclesia,
1487 206 1708 272 praesertim
1720 202 2091 273 Constantinopol⁴
2108 239 2116 274 ε

456 279 604 334 litana,
628 278 755 324 veluti
768 279 966 324 miraculo
980 290 1217 341 acceptum,
1252 290 1296 321 ac
1321 273 1373 321 ab
1394 276 1545 337 angelis
1567 289 1743 336 puerum
1756 276 1800 320 in
1810 275 1968 337 templo
1980 274 2078 322 edo·-
2109 283 2116 305 ἴ

458 346 576 391 &um
588 344 732 390 celebri
743 345 786 390 in
800 343 890 399 usu,
904 361 948 391 ac
961 345 1122 390 summa
1134 346 1178 389 in
1191 343 1450 389 veneratione
1464 339 1607 387 habuit
1620 356 1632 392 3
1645 352 1768 400 atque
1779 338 1888 385 sacro
1900 338 1981 386 isto
1992 346 2077 387 car-¹

457 412 570 456 mine
581 407 805 456 individuae
818 411 1034 456 Trinitatis
1047 408 1176 456 fidem
1187 422 1329 455 contra
1341 405 1628 453 haereticorum
1639 403 1797 452 staudes
1808 409 1850 450 &
1861 405 2071 469 perfidiam

456 472 780 522 constantiffime
793 472 966 538 professa
978 473 1048 521 est.

520 544 658 591 XXV.
693 545 839 603 Atque
861 543 904 586 in
928 540 1108 601 ejusdem
1132 539 1230 587 fidei
1253 537 1541 586 testimonium
1555 551 1678 599 atque
1689 535 1872 583 tesseram
1883 553 2014 600 preces
2027 557 2071 588 ac

456 605 642 668 hymnos
668 607 760 653 suos
783 605 1011 669 doxologifi
1036 605 1111 652 hac
1135 605 1316 654 claudere
1328 603 1435 649 soliti
1446 617 1561 650 erant
1570 608 1736 652 Veteres
1748 624 1763 648 .·
1789 605 1927 649 Gloria
1939 608 2068 662 Patri,

456 675 569 726 Filio,
584 679 632 725 ὢν
644 675 806 736 Spiritui
817 679 861 719 S.
873 689 885 724 3
899 675 1005 730 stent
1017 687 1105 718 erat
1116 681 1157 717 in
1165 678 1352 735 principio
1364 704 1377 720 ‚
1393 675 1442 722 ὠ
1454 687 1573 722 nunc,
1591 677 1640 724 (ῤ’
1643 669 1811 732 semper,
1825 674 1874 721 ὠ
1885 668 2078 729 insaecula·
2114 696 2116 744 Α

445 737 694 794 fhculornm,
709 744 865 784 Amen.
902 745 1047 799 Qam
1059 738 1109 783 ab
1121 739 1287 784 Arianis
1299 749 1536 798 corruptam
1548 736 1590 781 in
1603 734 1688 782 haec
1699 734 1820 781 verba
1832 766 1845 786 ‚
1873 734 1944 779 tibi
1956 740 2070 783 Patri

446 805 593 865 gloria,
621 810 670 856 ἅν
684 804 821 858 honor,
836 821 907 867 per
918 808 1070 851 Filium
1083 818 1203 851 tuum
1215 809 1481 867 umgenitum,
1504 818 1595 862 quo
1608 799 1795 846 secundas
1805 812 1966 847 tantum
1978 816 2068 863 par.
2094 858 2098 861 ¹

453 883 511 913 tes
535 870 637 915 Filio
660 869 917 924 tribuebant,
943 869 1193 916 Orthodoxi
1217 871 1457 916 inviolatam
1479 867 1699 915 servabant,-
1727 868 1825 911 &in
1838 867 2013 912 coetibus
2023 883 2066 914 ac
2088 891 2102 942 3-

454 934 725 981 conventibus
750 935 861 981 sacris
884 953 928 982 ac
950 937 1153 992 conciliis,
1176 950 1374 996 tanquam
1388 935 1593 999 publicam
1609 930 1795 979 Ecclefiae
1808 948 1955 977 vocem
1968 947 2066 979 con-

456 998 607 1046 stanter
620 1003 935 1064 ingeminabant.
2095 1011 2099 1025 ¹

522 1067 683 1114 XXVL
721 1065 796 1112 Est
818 1081 955 1113 autem
968 1083 1049 1113 una
1061 1066 1282 1112 &indivisa
1294 1068 1422 1112 trium
1435 1066 1697 1128 personarum
1722 1061 1906 1109 adoratio
1917 1098 1930 1114 ,
1958 1076 2005 1109 ut
2017 1079 2066 1111 ex
2096 1076 2098 1079 '

455 1130 611 1177 Matth.
629 1133 699 1178 28:
718 1150 784 1190 19.
810 1135 957 1179 2.Cor.
975 1146 1037 1194 13:
1054 1149 1116 1194 13.
1151 1132 1430 1193 similibusque
1440 1133 1538 1177 locis
1550 1145 1711 1194 apparet
1722 1146 1734 1181 3
1761 1145 1896 1190 neque
1917 1128 2066 1192 suppli-

456 1197 659 1242 cationem
684 1199 756 1242 uni
779 1199 957 1261 personae
981 1199 1130 1246 factam
1144 1197 1194 1244 ad
1206 1199 1325 1243 aliam
1337 1200 1469 1244 iterari
1481 1194 1627 1242 neceffe
1638 1195 1696 1242 est
1712 1214 1725 1248 3
1752 1194 1817 1242 sed
1829 1210 1925 1239 cum
1937 1198 2065 1251 Patre,

453 1263 497 1307 in
509 1261 582 1308 suo
596 1261 830 1311 mediatoris
843 1267 1013 1310 nomine
1035 1300 1047 1317 ,
1077 1265 1197 1311 slmul
1209 1264 1424 1309 invocatur
1437 1264 1573 1316 Filius,
1588 1264 1662 1323 qui
1675 1260 1796 1308 fimul
1808 1261 1930 1306 etiam
1943 1276 2064 1306 exau·
2114 1302 2116 1305 .

456 1325 532 1372 dit.
569 1332 628 1373 Et
651 1330 760 1392 quod
775 1337 995 1392 petiveritis
1018 1337 1058 1375 in
1072 1338 1227 1376 nomine
1238 1346 1338 1382 mcv,
1367 1330 1436 1375 hoc
1437 1331 1596 1390 faciam
1609 1350 1622 1373 :
1637 1328 1934 1390 utglorificetur
1945 1331 2066 1372 Pater
2110 1345 2116 1371 1

454 1400 496 1436 in
519 1395 631 1439 Filio.
660 1393 764 1457 Joh.
782 1413 847 1457 14.-
868 1413 929 1457 13.
954 1412 1027 1441 nec
1051 1396 1245 1459 separatus
1257 1394 1313 1440 est
1325 1399 1391 1457 Sp.
1408 1399 1448 1441 S.
1473 1396 1549 1455 qui
1562 1395 1772 1454 utriusque
1784 1389 1994 1438 ineffabilis
2006 1391 2062 1439 est
2108 1388 2116 1464 1

454 1461 716 1505 communio.
751 1464 897 1522 Atque
918 1460 1021 1507 adeo
1043 1463 1133 1507 licet
1144 1463 1347 1525 pleraeque
1359 1462 1563 1508 orationes
1586 1458 1637 1506 ad
1650 1464 1810 1505 Patrem
1823 1456 2061 1520 dirigantur,
2112 1465 2116 1486 ³

454 1536 544 1567 non
566 1537 702 1570 tamen
724 1541 874 1574 caeterae
898 1527 1075 1588 personae
1098 1526 1383 1577 excluduntur,
1414 1527 1479 1573 sed
1491 1523 1932 1588 potiusincluduntur‚
1968 1539 2064 1568 cum

455 1591 575 1635 Pater
597 1589 697 1636 adiri
720 1607 807 1637 non
830 1590 953 1654 possit
978 1592 1060 1638 sine
1072 1595 1191 1647 Filio,
1216 1598 1257 1638 &
1270 1590 1313 1637 hi
1329 1592 1416 1639 duo
1430 1609 1517 1638 non
1531 1591 1608 1637 sint
1621 1591 1703 1637 fine
1715 1592 1855 1653 spiritu
1868 1589 1942 1633 suo
1958 1622 1970 1642 ‚
1996 1604 2064 1652 per

455 1670 582 1714 quem
606 1671 682 1702 nos
702 1657 776 1719 ipsi
799 1674 971 1718 quoque
983 1660 1071 1705 Filii
1083 1661 1165 1705 Dei
1177 1659 1273 1704 faeti
1285 1658 1421 1704 sumus
1432 1660 1473 1704 in
1492 1659 1613 1705 Filio.
1647 1655 1862 1718 Accepistis
1875 1658 2064 1717 Spiritum

451 1720 680 1783 adoptionis,
692 1729 732 1767 in
746 1741 822 1785 quo
836 1726 1076 1778 clamamus,
1088 1724 1228 1775 Abba,
1244 1729 1377 1770 Pater.
1412 1727 1547 1771 Rom.
1565 1724 1606 1769 8.·
1630 1738 1693 1783 15.
2034 1720 2037 1721 ⁷

517 1787 700 1834 XXVII.
734 1787 862 1834 Foede
876 1803 1014 1835 autem
1028 1788 1113 1835 haec
1130 1788 1379 1850 detorquent
1391 1791 1593 1836 Sociniani
1606 1823 1618 1843 ,
1634 1790 1792 1849 quique
1804 1788 1909 1832 inter
1922 1802 1990 1831 eos
2003 1792 2062 1830 in-

450 1866 637 1897 vocantes
659 1850 864 1900 dicuntur.
901 1858 1007 1900 Non
1031 1857 1142 1900 enim
1168 1857 1272 1901 inter
1284 1856 1320 1900 se
1332 1857 1582 1902 conveniunt
1595 1856 1636 1899 in
1651 1855 1837 1911 maximo
1850 1850 1931 1897 hoc
1941 1851 2063 1898 Chri-

451 1914 587 1963 stianae
599 1919 802 1981 religionis
814 1921 940 1982 capite
953 1955 964 1971 ,
980 1934 1103 1981 atque
1114 1938 1163 1967 eo
1176 1923 1232 1966 im
1238 1923 1391 1983 pietatis
1403 1919 1576 1983 quidam
1588 1921 1692 1966 inter
1702 1936 1770 1965 eos
1784 1914 2062 1980 proceffere‚ut

452 1980 670 2028 Christum
691 1999 742 2028 ne
765 1983 1022 2031 adorandum
1043 1985 1214 2047 quidem
1239 1987 1446 2039 censeant3
1475 1988 1613 2047 quales
1633 1985 1859 2032 Franciscus
1872 1979 2061 2038 Davidis,

453 2045 713 2095 Christianus
735 2054 908 2096 Francus
921 2085 934 2104 ,
961 2056 1004 2096 &
1018 2053 1102 2098 alii:
1135 2054 1266 2098 caeteri
1279 2066 1413 2099 autem
1428 2068 1514 2097 non
1527 2053 1687 2096 meliori
1699 2051 1872 2114 auspicio
1886 2050 2061 2095 Salvato-

454 2129 475 2159 1·
478 2122 547 2158 em
581 2150 594 2166 ‚
632 2128 679 2161 ut
706 2127 810 2176 ψιλὸν
829 2126 1015 2181 οἴνθςωπυ
1044 2131 1181 2162 tamen
1217 2117 1381 2163 summo
1416 2116 1576 2163 honore
1614 2119 1693 2163 coli
1727 2130 1850 2177 atque
1884 2112 2062 2159 invocari
2089 2129 2099 2170 fi

457 2177 603 2226 debere
631 2183 887 2230 contendunt
898 2218 911 2238 ,
937 2196 1139 2246 quatenus
1151 2185 1349 2229 nimirum
1361 2183 1439 2247 ipse
1451 2185 1622 2229 salvator
1634 2198 1754 2244 atque
1768 2178 1969 2227 mediator
1978 2177 2057 2230 est3
2087 2175 2099 2248 [ἶ

457 2256 583 2305 atque
596 2244 696 2294 adeo
708 2263 852 2311 praeter
863 2266 996 2296 unum
1011 2250 1155 2295 natura
1169 2253 1325 2304 Deum,
1340 2251 1415 2310 qui
1427 2251 1467 2294 in
1481 2253 1577 2296 Vet.
1588 2251 1645 2295 T.
1662 2246 1883 2300 colebatur,
1899 2245 2057 2290 nuncin
2086 2255 2089 2300 ζ

458 2312 519 2355 Ν.
535 2314 593 2357 Τ.
605 2313 728 2359 etiam
739 2316 879 2369 alium,
892 2318 966 2377 qui
979 2330 1119 2362 natura
1130 2331 1218 2360 non
1231 2315 1279 2367 fit
1291 2320 1421 2369 Deus,
1434 2313 1591 2360 adorari
1602 2312 1744 2361 debere
1755 2311 1926 2364 docent3
1942 2323 2057 2371 atque
2083 2334 2097 2381 3¹

456 2372 540 2420 hoc
561 2377 625 2422 vel
646 2381 877 2426 maximum
889 2379 1130 2427 Christianae
1155 2379 1251 2427 fidei
1263 2379 1505 2444 mysterium
1519 2376 1592 2425 esse
1604 2382 1775 2431 volunt,
1800 2376 1908 2425 duos
1921 2376 2058 2423 habere
2085 2394 2089 2400 ’

457 2442 590 2497 Deos,
601 2458 734 2491 unum
746 2445 972 2501 summum,
981 2448 1054 2508 qui
1067 2446 1123 2493 est
1136 2449 1394 2502 Pater-,alium
1406 2445 1653 2501 inferiorern,
1665 2448 1739 2507 qui
1750 2443 1806 2491 est
1818 2447 1962 2495 Filius;
1989 2440 2058 2501 qui

455 2506 630 2565 quidem
641 2526 751 2557 mera
763 2527 939 2558 creatura
949 2512 1007 2559 est
1017 2547 1030 2567 ,
1058 2517 1101 2558 δε
1124 2527 1214 2559 ante
1226 2514 1474 2559 nativitatem
1499 2524 1537 2540 'v
1549 2514 1721 2576 Virgine
1733 2528 1782 2557 ne
1794 2509 1965 2572 quidem
1976 2505 2055 2552 fue-

455 2573 591 2640 rit,sed
601 2576 920 2642 aP'atre3propter
930 2579 1089 2648 summa
1101 2583 1143 2629 ὃς
1156 2578 1291 2630 divina
1302 2578 1420 2642 plane
1432 2577 1614 2642 impsum
1625 2580 1768 2627 collata
1779 2574 1888 2626 dona
1900 2565 2055 2682 inisjiild
