2116 2901
258 121 334 171 DE
368 118 606 171 Comitio
639 123 684 168 &
717 123 949 170 Decumo
984 118 1087 171 Dei
1125 138 1183 170 m
1217 122 1436 173 GENszj
1605 140 1687 190 ²41

0 208 12 259 ,ἒ
47 204 160 273 prius
180 207 282 253 velle
305 206 433 253 finem
448 224 576 269 quam
590 205 722 253 media
735 205 785 252 ad
798 224 894 253 eum
910 243 922 259 ‚
959 211 1001 252 &
1025 209 1129 253 inter
1141 205 1274 253 media
1298 209 1487 271 priusilla
1516 223 1609 271 quae
1635 208 1689 254 fi·
1709 215 1853 255 diorum·

8 298 10 301 ·
48 287 145 320 nem
167 275 335 336 propius
357 276 564 336 attingunt
586 290 598 325 ;
625 287 748 334 atque
771 272 843 318 ista
868 274 991 318 etiam
1018 273 1208 318 humanae
1233 272 1445 336 prudentie
1469 276 1605 336 regula
1630 274 1682 321 de

7 374 11 394 e
50 337 136 403 ipsc>
149 339 373 402 usurpatur,
404 341 514 403 quod
517 347 701 403 primum
713 339 764 400 est
776 347 818 383 in
831 346 1049 383 intentione
1061 374 1074 393 ,
1087 341 1282 385 ultimum
1294 340 1360 401 effe
1373 350 1414 385 in
1427 348 1653 386 executione
1668 360 1681 386 t

8 422 10 443 ὲ
52 402 169 469 quod
180 418 318 451 tamen
343 422 429 451 non
443 404 493 451 de
506 403 670 450 diverfis
694 406 736 450 in
763 408 860 450 Deo
873 405 1142 450 volitionibus
1155 410 1197 449 ὃ(
1210 407 1526 467 cogitationibus
1537 408 1687 452 intelli-

78 468 230 531 endum
243 470 300 518 est
312 506 324 526 ‚
340 470 455 533 quasi
470 472 542 517 alia
553 472 609 516 ibi
623 470 672 516 fit
684 473 816 533 prior,
846 472 918 516 alia
932 469 1147 533 posterior,
1171 484 1294 530 atque
1310 487 1390 517 una
1402 472 1562 517 alterius
1573 477 1688 518 causa

83 551 121 590 t3
144 534 210 582 sed
231 535 281 584 de
305 555 347 583 re
371 538 500 583 volita
516 571 530 591 ‚
555 551 602 582 ut
614 536 722 599 apud
752 540 897 583 Deum
913 538 1059 581 volitio
1073 540 1116 581 &
1129 534 1410 599 sapientiffima
1422 536 1684 583 coordinatio

7 645 10 649 .
52 602 101 652 fit
126 604 270 666 prioris
292 608 335 649 δι
360 603 593 666 posterioris
605 604 684 657 rei,
719 603 925 666 praecipue
940 600 1179 647 mediorum
1192 607 1235 647 &
1249 601 1355 653 finis,
1372 619 1465 663 quae
1480 600 1684 665 aptiffime

52 674 95 716 δε
116 669 321 715 liberrime
348 671 452 716 inter
463 671 499 714 se
512 671 737 716 connexuit
749 704 761 723 ,
794 684 840 714 ut
852 683 988 714 tamen
1004 684 1075 713 nec
1087 667 1189 730 ipse,
1220 684 1292 713 nec
1303 666 1517 714 decretum
1535 667 1620 726 ejus
1633 669 1683 714 ab

8 750 10 753 ’
53 734 133 782 υ]Ῑᾶ
144 751 199 789 re,
215 737 278 781 vel
290 735 541 787 conditione,
563 737 627 781 vel
640 734 785 780 mediis
797 733 982 798 pendeat.
1020 732 1152 780 Unde
1164 732 1374 779 decretum
1387 734 1488 793 ejus,
1515 732 1618 779 sicut
1634 751 1684 779 u-

8 826 9 830 *
54 804 191 849 uicum
204 801 261 848 est
273 835 286 856 ,
317 803 371 848 ita
386 800 480 847 hinc
492 798 705 847 necessario
731 803 995 864 summopere
1019 799 1248 858 absolutum
1260 799 1317 845 est
1329 833 1342 854 ‚
1382 800 1572 860 quamvis
1583 815 1687 844 con-

7 910 10 914 ,
54 866 249 915 ditionata
266 866 388 931 poffit
397 864 472 913 effe
485 870 673 914 executio
687 902 700 922 ,
714 872 756 913 δε
771 865 954 919 effeetus,
967 873 1010 913 δε
1025 864 1239 930 praedictio
1258 884 1268 910 :
1283 882 1377 927 quae
1390 880 1528 913 tamen
1540 867 1684 912 omnia

55 951 103 982 ex
115 930 276 980 decreto
290 936 373 982 Dei
389 935 512 980 unico
527 939 568 980 &
585 934 774 980 absoluto
789 931 1031 995 dependent.

115 1001 278 1048 XXIII.
312 1004 551 1062 Sequuntur
573 1017 684 1045 nunc
697 998 1017 1045 adversariorum
1032 1014 1184 1045 errores
1197 1033 1209 1049 ,
1224 998 1429 1062 praecipue
1443 1000 1684 1045 Sociniano-
1707 998 1886 1049 Adverfit'r

6 1064 9 1128 J
55 1083 164 1123 rum,
177 1070 218 1113 in
233 1068 382 1130 quibus
394 1069 653 1128 reliquorum
667 1064 724 1112 est
738 1064 1034 1128 compendium
1046 1101 1058 1117 ‚
1099 1067 1173 1124 qui
1186 1067 1268 1111 Dei
1282 1064 1447 1111 confilia
1470 1063 1520 1110 ad
1534 1063 1683 1110 huma·
1704 1059 1834 1094 riorum

56 1136 98 1179 ni
109 1136 258 1197 ingenii
269 1132 494 1180 modulum
507 1135 678 1196 exigunt
692 1167 704 1187 ‚
730 1137 771 1178 &
786 1131 945 1178 divitias
957 1149 1000 1177 ac
1012 1129 1308 1195 profunditates
1331 1132 1528 1194 sapientiae
1554 1148 1597 1176 ac
1613 1148 1683 1176 co-
1703 1124 1826 1174 errores
1845 1134 1858 1154 ²

1704 1166 1867 1216 emprimis

7 1215 9 1224 ¹
55 1202 248 1264 gnitionis
273 1200 360 1260 ejus
381 1200 599 1262 improbe,
641 1214 783 1246 contra
808 1198 1004 1262 Apostoli
1019 1199 1231 1244 monitum
1246 1231 1259 1251 ,
1285 1199 1519 1260 perscrutari
1531 1214 1685 1242 conan-
1705 1231 1895 1258 somma„

58 1280 113 1313 tes
122 1302 135 1319 ,
161 1269 242 1314 vias
254 1285 298 1313 ac
310 1268 575 1330 cogitationes
587 1264 672 1326 ejus
683 1282 770 1311 non
784 1266 923 1311 multo
937 1265 1193 1328 sapientiores
1217 1264 1337 1309 nobis
1347 1260 1542 1309 exhibent
1554 1280 1682 1324 quam
1704 1285 1880 1313 nonum.

58 1350 111 1383 εκ
124 1350 217 1393 quae
230 1334 321 1379 sunt
336 1332 576 1378 hominum.
602 1334 666 1378 Sic
682 1347 818 1378 autem
831 1330 1065 1377 instituunt.

121 1401 279 1448 XXIV.
321 1417 354 1445 1.
380 1403 606 1446 Decretum
621 1400 701 1444 Dei
715 1400 798 1462 ¹Pst5
810 1399 986 1443 accidens
998 1397 1074 1457 est:
1106 1412 1203 1442 cum
1214 1410 1351 1443 tamen
1369 1395 1418 1442 fit
1442 1395 1521 1458 ipsa
1533 1393 1683 1458 {apien-
1705 1394 1839 1446 Quibus

7 1494 9 1500 <
58 1469 112 1514 tia
124 1471 166 1512 δε
178 1468 365 1512 voluntas
379 1467 476 1519 Dei,
490 1463 573 1510 fine
586 1465 670 1526 qua
683 1480 900 1525 nunquam
915 1460 990 1509 effe
1000 1462 1133 1526 potest
1145 1498 1156 1514 ,
1178 1479 1357 1524 quaeque
1369 1464 1419 1507 ab
1431 1462 1515 1521 ejus
1527 1459 1687 1506 essentia
1706 1453 1771 1487 Dei
1790 1450 1904 1487 ‘'m“

1706 1519 1781 1542 tum
1797 1506 1839 1549 el}

56 1549 132 1579 nec
146 1531 372 1587 differt,nec
385 1533 506 1578 etiam
519 1528 682 1576 differre
694 1529 840 1594 potest.
875 1533 1021 1590 Atque
1035 1528 1135 1575 adeo
1148 1528 1185 1573 se
1196 1529 1280 1592 ipso
1295 1534 1336 1574 δε
1349 1527 1426 1574 suis
1436 1527 1586 1573 divitiis
1597 1544 1686 1591 per·
1705 1561 1867 1598 accidens.

61 1598 186 1646 festus
200 1605 239 1645 &
253 1600 391 1646 beatus
406 1596 463 1643 est
474 1632 487 1652 ,
518 1614 604 1642 non
616 1595 865 1660 perfectione
878 1593 1039 1641 aliunde
1053 1593 1274 1641 accedente.

125 1668 261 1713 XXV.
301 1682 339 1711 2.
365 1668 532 1726 Negant
544 1665 701 1709 decreta
715 1668 795 1709 Dei
807 1669 873 1724 esse
886 1677 1028 1707 aeterna
1043 1695 1055 1715 ,
1069 1674 1213 1724 praeter
1225 1677 1351 1724 pauca
1364 1658 1571 1722 quaedam,
1599 1658 1686 1706 haec
1706 1675 1840 1719 Negant

6 1757 9 1765 Δ
61 1734 135 1779 tria
158 1732 363 1783 videlicet,
403 1729 454 1775 de
478 1727 698 1775 condendo
723 1726 886 1773 mundo
912 1763 924 1782 ‚
959 1744 1094 1788 eoque
1116 1725 1295 1790 regendo
1320 1732 1363 1773 ὃ(
1386 1725 1677 1780 conservando,
1702 1724 1849 1761 decreto·
1871 1782 1877 1787 ‚

5 1804 9 1818 ³
64 1797 232 1845 Christo
247 1795 451 1844 mittendo
466 1830 478 1850 ‚
495 1801 537 1841 δε
550 1796 671 1841 salute
682 1793 815 1840 danda
828 1796 873 1840 iis
886 1795 959 1855 qui
973 1792 1095 1857 ipfius
1107 1794 1261 1856 legibus
1272 1792 1498 1844 obediunt;
1528 1794 1685 1854 reliqua
1704 1793 1780 1816 mm
1808 1783 1843 1814 D
1844 1794 1875 1815 ’ὅ

56 1878 214 1919 autem,
238 1866 339 1910 circa
351 1861 565 1908 hominem
592 1860 794 1924 praecipue
809 1865 851 1905 δε
864 1877 924 1905 res
936 1859 1164 1923 singulares,
1181 1861 1425 1922 temporaria
1436 1856 1510 1904 effe
1522 1860 1686 1905 volunt.

6 1947 8 1950 ’
63 1934 126 1977 Ita
149 1935 290 1977 Deum
316 1930 366 1975 ab
390 1943 543 1975 aeterno
566 1929 794 1973 multarum
818 1943 957 1971 rerum
980 1927 1275 1987 incogitantem
1289 1927 1602 1987 &ignorantem
1626 1925 1686 1970 fa-

57 1998 177 2043 -ciunt
189 2031 202 2051 ‚
237 2011 284 2043 ut
295 2012 368 2041 nec
380 1995 430 2040 ab
442 1998 595 2040 aeterno
609 1995 834 2055 quicquam
851 1994 945 2038 certi
959 1990 1067 2054 apud
1078 1994 1212 2054 ipsum
1225 1991 1487 2053 fuerit,atque
1497 1993 1687 2054 plurimae

6 2092 8 2095 -
59 2067 106 2109 ἃ
121 2064 308 2109 maximae
334 2060 601 2124 perfeffiones
622 2061 664 2104 in
688 2073 874 2121 tempore
885 2057 957 2121 ips1
971 2057 1148 2103 demum
1162 2054 1386 2102 accesserint
1403 2077 1411 2102 :
1438 2074 1534 2102 cum
1546 2071 1687 2102 tamen

1708 1835 1877 1872 aemim-

1706 1901 1787 1928 tem.

63 2133 151 2176 Deo
184 2127 240 2174 ab
254 2130 371 2174 omni
394 2145 471 2172 aevo
496 2134 629 2172 omnia
642 2124 839 2188 operasita
852 2132 1005 2188 cognita
1030 2122 1228 2168 dicantur.
1258 2125 1356 2169 Aet.
1378 2139 1442 2183 15:
1463 2124 1528 2170 18.
1556 2136 1688 2168 tanta-

65 2212 148 2256 que
158 2194 244 2254 ejus
258 2197 409 2257 semper
421 2192 543 2239 fuerit
568 2192 755 2255 sapientia
767 2207 809 2236 ac
822 2191 980 2237 scientia
993 2224 1004 2244 ‚
1034 2204 1080 2235 ut
1094 2188 1176 2234 fine
1189 2188 1346 2252 flagitio
1360 2188 1480 2234 statui
1492 2205 1578 2234 non
1593 2189 1687 2251 pos-

68 2259 116 2307 fit
127 2296 140 2315 ‚
155 2278 242 2307 eam
266 2263 308 2306 in
333 2274 518 2322 tempore
530 2275 579 2304 ex
594 2255 845 2319 quotidianis
867 2273 1004 2302 rerum
1018 2256 1227 2301 eventibus
1239 2257 1538 2300 incrementum
1552 2271 1688 2316 capere

67 2324 197 2390 poffe3
214 2325 331 2389 quod
344 2327 394 2372 ab
406 2323 633 2370 adversariis
645 2337 781 2370 tamen
794 2339 844 2367 ex
856 2321 929 2367 ista
941 2319 1162 2385 hypothesi
1177 2319 1370 2368 affirmari
1383 2321 1513 2366 debet.

98 2396 101 2397 ⁷
129 2397 286 2442 XXVI.
326 2410 360 2454 3.
387 2389 665 2453 Distinguunt
678 2407 721 2435 ea
734 2391 775 2434 in
789 2387 970 2446 absoluta
985 2423 996 2442 ,
1033 2402 1080 2435 ut
1094 2404 1155 2432 ex.
1171 2405 1230 2450 gr.
1247 2405 1376 2432 creare
1390 2385 1611 2438 mundum,
1647 2391 1687 2432 &
1710 2389 1754 2436 ὠὴ
1767 2406 1806 2430 ea
1831 2404 1906 2443 per-

62 2458 733 2519 conditionata‚qualiapraesertim
746 2455 916 2509 fumea,
962 2471 1055 2515 quae
1078 2455 1180 2498 circa
1204 2452 1420 2499 hominem
1446 2453 1610 2513 ejusque
1635 2453 1689 2497 sa-
1702 2456 1819 2509 pesam
1846 2449 1907 2485 ‘³⁷⁸'-

67 2524 193 2570 lutem
216 2540 406 2572 aeternam
432 2522 665 2568 versantur:
693 2523 791 2567 item
819 2522 861 2564 in
886 2519 1057 2582 efficacia
1072 2524 1363 2583 &peremtoria
1381 2553 1393 2574 ,
1418 2533 1464 2565 ut
1489 2536 1580 2579 qua:
1596 2502 1878 2564 fimtstmguunt

67 2592 210 2652 prioris
231 2592 381 2656 generis
393 2623 406 2647 ‚
429 2603 555 2652 atque
571 2586 780 2649 inefficacia
794 2591 836 2634 δε
851 2588 1013 2649 infirma
1026 2620 1040 2645 ,
1059 2602 1153 2648 quae
1166 2583 1289 2632 videl.
1308 2586 1440 2647 aliqua
1454 2583 1693 2659 conditione
1710 2556 1908 2654 giiii?

1123 2653 1168 2697 H
1197 2648 1226 2698 h
1635 2668 1695 2697 ni-
