2116 2901
255 124 340 168 DE
375 118 1408 165 SCR1PTURAEINTERPRETATIONE.
1591 130 1649 174 79

35 213 275 276 theologicas
299 208 379 256 five
404 206 643 271 probandas,
660 208 741 254 sive
765 203 1081 252 confirmandas.
1122 210 1184 252 Ita
1206 219 1253 251 ut
1275 203 1415 250 eadem
1440 201 1650 248 conclusio

33 293 228 343 quatenus
249 292 298 320 ex
323 274 525 336 Scriptura
539 276 736 336 probatur
750 308 763 328 ,
777 270 873 325 fide,
887 284 1086 330 quatenus
1098 285 1233 316 autem
1246 288 1295 315 ex
1307 271 1463 315 ratione
1475 268 1652 314 demon·
1674 286 1675 289 ¹

34 345 177 394 stratur
190 376 202 396 ‚
226 340 381 387 scientia
406 338 740 401 apprehendatur.
775 342 825 383 In
849 335 952 381 hisce
978 351 1112 381 autern
1146 338 1250 382 ratio
1264 352 1350 380 non
1362 334 1419 380 est
1431 332 1651 396 theologiae

35 410 233 468 ancillai‚ut
245 407 370 468 vulgo
384 407 719 464 loquuntur‚n0n
732 404 859 465 magis
870 418 996 462 quarn
1008 400 1217 463 theologia
1237 398 1503 463 philosophiae
1517 401 1657 444 ancilla

36 475 104 522 est.
139 476 239 519 Sunt
263 473 372 515 enim
407 468 497 514 duae
524 469 691 514 scicntiae
717 469 788 515 fibi
804 469 978 512 invicem
991 482 1077 511 non
1091 465 1362 511 subordinatae
1375 499 1387 519 ‚
1410 464 1475 509 sed
1488 463 1654 510 coordi-

38 555 134 588 natae
147 572 160 592 ‚
184 553 279 583 cum
292 534 440 580 diverssi
454 533 642 586 habeant3
658 535 850 597 principia
862 531 926 577 scd
939 533 974 577 se
986 534 1160 576 invicem
1174 534 1320 595 pariter
1331 531 1548 576 consulunt
1562 565 1574 581 ,
1586 529 1654 575 seu

35 603 247 652 confilium
260 602 452 665 praebent,
466 605 506 644 ἃ·
519 602 659 645 lumen
674 600 747 646 fibi
758 601 933 644 invicem
948 595 1182 643 affundunt.

100 675 138 717 X
152 674 186 715 L
200 674 219 715 Ι
232 672 283 713 Χ.
319 669 421 711 Non
446 682 543 728 ergo
567 668 670 710 ratio
696 666 761 710 seu
787 661 1046 725 Philosophia
1058 664 1271 724 Scriptura?
1284 660 1342 707 est
1356 663 1548 724 interpres
1562 695 1574 715 ,
1587 658 1651 706 sed
1675 669 1750 702 Non
1761 678 1835 713 ergo

38 734 156 788 fides,
186 736 249 780 seu
273 734 375 777 ratio
398 729 546 776 efficaci
571 734 637 794 Sp.
656 735 694 777 S.
721 731 956 793 operatione
968 730 1208 782 illuminata,
1223 727 1303 773 hoc
1314 726 1372 772 est
1386 761 1398 781 ,
1412 725 1652 789 praejudiciis
1673 721 1759 756 ram,
1772 719 1864 781 „feri-

37 803 111 850 suis
121 802 280 861 aliisque
293 799 396 843 vitiis
406 797 582 851 liberata,
597 811 642 842 ut
654 799 794 842 lumen
807 793 925 856 quod
937 795 978 838 in
991 794 1194 856 Scriptura
1206 792 1332 838 radiat
1343 791 1479 839 videre
1491 827 1503 846 ,
1529 806 1652 852 atque
1670 784 1769 824 ΜΗ
1781 787 1839 809 ‘⁷¹'

37 869 91 914 ita
112 864 329 912 secundum
354 864 600 923 Script'uram
614 861 792 921 judicare
803 858 939 923 possit.
975 859 1168 904 Maxime
1180 857 1460 917 enimjustum
1474 860 1654 903 &ratio-
1675 839 1785 880 ’ΨΜ
1798 828 1854 876 ‘st'

37 935 122 978 nale
132 931 187 977 est
198 966 210 985 ‚
237 945 281 976 ut
293 929 535 974 revelatione
548 926 686 972 divina
700 927 882 991 percepta
906 928 1010 970 ratio
1024 924 1194 986 seipsam
1208 925 1376 986 abneget
1399 925 1654 969 revelationi-

39 1015 119 1059 que
141 995 252 1042 cedat
267 1030 279 1050 ‚
303 1000 344 1040 δι
367 995 421 1039 ita
446 991 543 1038 fidei
567 991 806 1039 vincendam
832 989 867 1037 se
878 990 1021 1036 tradat.
1059 992 1099 1035 Si
1111 1006 1209 1034 vero
1223 991 1413 1035 revelatio
1426 990 1596 1035 obscura
1611 1007 1655 1035 ac

41 1065 181 1110 incerta
194 1061 258 1116 fit,
270 1077 400 1120 neque
412 1075 461 1103 ex
473 1075 515 1104 ea
526 1075 585 1104 res
597 1057 727 1104 decidi
741 1072 972 1119 queat,tum
986 1055 1100 1101 ultro
1115 1069 1222 1118 patet
1242 1071 1291 1100 ex
1304 1057 1460 1100 ratione
1471 1053 1655 1113 judican-

43 1129 140 1174 dum
163 1125 235 1173 ess‘e
250 1146 259 1171 ε
285 1142 376 1186 qua:
403 1139 495 1169 tum
520 1123 664 1181 judicis
677 1126 778 1169 vices
791 1122 998 1168 sustinebit
1011 1155 1025 1175 ‚
1037 1120 1102 1166 sed
1108 1123 1366 1184 particularis
1380 1155 1392 1175 ,
1416 1122 1458 1165 in
1472 1120 1552 1165 isto
1564 1121 1658 1166 casu

44 1193 228 1239 duntaxat
242 1226 255 1248 ‚
288 1207 371 1236 non
397 1206 495 1235 vero
518 1191 754 1248 unaverfizlis
777 1193 818 1234 ἅ
831 1191 873 1234 in
886 1189 1005 1234 omni
1017 1187 1106 1232 casu
1120 1219 1133 1241 ‚
1158 1200 1204 1231 ut
1217 1184 1484 1247 quorundam
1497 1185 1553 1232 est
1566 1186 1659 1232 sen-

42 1261 170 1305 tentia.

107 1327 223 1370 L.Et
246 1325 297 1369 ita
320 1323 506 1385 legitimo
528 1323 693 1367 rationis
716 1323 817 1368 circa
830 1322 933 1367 sacra
945 1321 1019 1366 usu
1031 1316 1184 1370 asserto,
1206 1332 1315 1382 patet
1326 1316 1561 1377 rejiciendos
1574 1315 1648 1364 ess'e
1674 1315 1852 1381 Redargu-

44 1388 94 1435 ad
114 1404 286 1435 extrema
310 1390 520 1448 utrimque
543 1402 749 1451 vergentes
759 1387 999 1434 adversarios
1023 1419 1036 1440 ‚
1070 1402 1169 1431 cum
1194 1387 1269 1446 qui
1291 1386 1439 1431 rationi
1451 1383 1650 1430 nimisde-
1674 1385 1846 1438 ''⁰‚‘⁰,'“m

43 1469 208 1517 rogant,
232 1470 322 1500 tum
348 1456 422 1514 qui
434 1455 613 1498 nimium
638 1456 694 1498 illi
722 1456 762 1499 in
775 1455 886 1499 sacris
898 1454 1102 1499 tribuunt.
1136 1453 1252 1496 Prius
1277 1452 1550 1497 committunt
1574 1448 1653 1495 ho-
1675 1441 1845 1531 {2225}

42 1518 383 1566 dierniPontificii
395 1553 409 1574 ‚
422 1518 700 1582 Anabaptistae
713 1525 755 1566 δε
769 1520 961 1565 nonnulli
973 1517 1213 1564 Lutherani.
1247 1520 1318 1562 De
1327 1515 1651 1574 Pontificiisjarn
1675 1540 1773 1574 tionis
1796 1540 1831 1574 in

43 1583 231 1632 vidimus.
264 1583 538 1647 Anabaptistae
561 1586 711 1630 nolunt
734 1588 890 1632 ratione
901 1583 1106 1630 utendum
1118 1580 1168 1627 ad
1182 1580 1281 1628 fidei
1290 1580 1483 1645 mysteria
1496 1597 1652 1644 cogno-
1674 1591 1803 1640 defeffu

41 1649 196 1703 scenda;
229 1651 435 1697 nescientes
456 1649 702 1713 distinguere
713 1652 818 1698 inter
828 1653 1030 1697 rationem
1042 1664 1088 1695 ut
1100 1647 1421 1694 instrumentum
1435 1681 1448 1702 ‚
1476 1652 1517 1692 &
1531 1662 1577 1693 ut
1591 1665 1653 1692 ar·
1669 1657 1817 1698 peccant,

41 1731 280 1779 gumentum
293 1718 357 1762 seu
370 1717 632 1780 principium.
665 1715 888 1763 Lutherani
900 1715 1072 1777 quidam
1085 1716 1233 1760 volunt
1245 1711 1540 1775 Theologiam,
1553 1729 1653 1775 pro-

43 1794 128 1845 pter
150 1781 348 1828 inufitatas
371 1780 565 1842 quasdam
577 1783 678 1828 circa
691 1786 835 1828 Deum
848 1787 890 1828 &
904 1783 1143 1828 sacramenta
1165 1777 1465 1842 propositiones
1476 1812 1488 1832 ‚
1500 1779 1656 1840 regulas

42 1847 185 1909 logicas
205 1846 484 1893 transcendere.
520 1853 681 1895 Verum
704 1846 774 1893 etsi
789 1848 953 1911 proprie
966 1848 1062 1893 tales
1076 1843 1376 1908 propositiones
1388 1843 1438 1889 ad
1451 1846 1652 1906 Logicam

44 1910 175 1957 referri
187 1928 392 1974 nequeunt
406 1948 417 1967 ,
430 1912 636 1976 analogice
649 1928 784 1958 tamen
798 1912 847 1959 ad
860 1930 948 1958 eam
961 1911 1097 1959 reduci
1108 1908 1275 1974 possunt
1289 1929 1298 1954 :
1314 1907 1415 1954 nihil
1426 1912 1536 1954 enim
1550 1911 1660 1955 ratio·

45 1975 179 2022 nostra
190 1980 364 2041 concipit
375 1977 447 2023 nisi
460 1977 532 2024 sub
546 1981 716 2025 notione
729 1980 865 2039 aliqua
877 2012 889 2032 ,
915 1995 1094 2038 quarum
1107 1978 1200 2022 usus
1210 1976 1322 2022 estin
1334 1976 1504 2037 Logica.

110 2046 146 2087 L
160 2047 194 2088 I.
228 2046 288 2088 Hi
311 2060 445 2091 autem
470 2060 612 2090 omnes
634 2046 782 2090 rationi
796 2043 897 2089 adeo
910 2042 1041 2089 infesti
1052 2044 1159 2097 sunt,
1172 2044 1269 2102 quia
1281 2057 1434 2087 errores
1444 2040 1536 2087 suos
1549 2041 1598 2086 ab
1609 2041 1657 2086 ea

48 2111 216 2153 convelli
228 2107 377 2155 vident.
391 2114 484 2155 Nos
495 2127 593 2155 vero
603 2112 805 2155 rationem
819 2110 945 2154 verbo
958 2111 1041 2155 Dei
1053 2126 1138 2154 non
1153 2108 1406 2170 opponimus
1427 2140 1440 2162 ‚
1469 2105 1534 2152 sed
1558 2123 1656 2152 cum

38 2189 98 2218 eo
109 2176 393 2236 componimus
406 2194 415 2220 t
430 2176 569 2220 lumen
583 2178 697 2221 enim
706 2176 854 2220 lumini
867 2191 953 2219 non
965 2173 1022 2219 est
1035 2176 1285 2220 contrarium
1301 2206 1313 2226 ,
1344 2188 1417 2217 nec
1428 2189 1574 2217 verum
1586 2189 1657 2217 ve-

48 2255 96 2285 ro
108 2272 120 2292 ‚
152 2237 332 2300 adeoque
354 2257 425 2286 nec
448 2242 586 2286 lumen
600 2242 854 2286 revelationis
873 2242 1012 2284 lumen
1027 2242 1194 2285 rationis
1216 2237 1450 2300 exstinguit.
1497 2238 1662 2284 Veritas

49 2306 155 2349 enim
167 2307 300 2350 omnis
312 2307 545 2366 ubicunque
557 2305 763 2356 doceatur,
780 2307 862 2351 Dei
874 2304 944 2350 est.
969 2309 1008 2351 R
1017 2307 1099 2351 atio
1111 2305 1212 2367 ergo
1226 2303 1470 2364 Theologiae
1484 2302 1664 2364 quidem

52 2367 153 2414 cedit
167 2401 180 2423 ‚
203 2374 243 2414 δε
257 2367 375 2430 hujus
387 2387 514 2431 quam
526 2372 629 2416 illius
641 2372 854 2433 ampliores
865 2370 955 2415 sunt
967 2372 1134 2422 limites;
1162 2387 1248 2415 non
1261 2384 1395 2417 tamen
1409 2370 1466 2415 illi
1478 2367 1658 2414 adversa-

51 2447 119 2478 tur
132 2452 142 2477 :
156 2438 196 2478 &
211 2438 394 2495 quamvis
404 2437 559 2483 laboret
571 2438 674 2482 ratio
687 2437 826 2482 multis
838 2432 1074 2489 defectibus,
1087 2438 1141 2481 illi
1155 2451 1288 2481 tamen
1301 2452 1385 2479 non
1400 2433 1547 2480 debent
1560 2450 1662 2479 cum

53 2499 203 2543 ratione
235 2499 431 2546 confundi
461 2536 479 2555 ‚
532 2519 604 2547 nec
626 2499 891 2564 philosophiae
914 2499 986 2563 ipfi
1022 2500 1312 2563 imputandum
1335 2499 1392 2548 est
1415 2499 1518 2546 illud
1541 2498 1666 2560 quod

55 2569 250 2625 ψινδοιόμῳ
278 2566 519 2630 Philosophiae
531 2567 671 2615 tribuit
682 2566 914 2631 Apostolus
925 2569 1021 2613 Col.
1041 2584 1077 2613 2:
1097 2568 1139 2634 8

1489 2632 1574 2676 LII
1579 2663 1587 2673 .
1613 2631 1671 2674 In
