2116 2901
422 158 501 198 116
820 140 1454 189 Lrss.I.CAPv··r
1520 131 1682 177 XXI.

417 225 533 276 randi
545 223 894 284 mod0‚quatenus
906 216 1090 282 possibile
1101 216 1275 263 dicimus
1287 210 1467 275 id,quod
1477 209 1882 264 consideramusmon
1893 207 2029 260 habito·

418 293 597 354 respectu
613 287 663 335 ad
676 287 883 334 decretum
896 286 962 331 seu
974 286 1232 330 voluntatem
1242 281 1340 326 Dei.

200 365 332 400 Futura
484 359 523 402 X
536 359 604 401 II.
638 358 700 399 Ita
721 354 842 399 etiarn
869 350 1006 396 futura
1026 353 1291 410 contingentia
1313 343 1543 407 cognitioni
1566 342 1649 388 Dei
1678 355 1764 385 non
1777 338 1868 386 sunt
1880 339 2028 388 subtra-

200 419 392 477 ⁶‘f'³¹²⁷”3m·
418 419 550 467 henda
566 454 579 473 ,
603 435 698 464 cum
720 434 789 480 per
810 432 957 462 eorum
969 412 1281 477 praedictionem
1294 409 1544 455 infallibilem
1557 419 1699 453 contra
1710 406 1864 466 quaevis
1876 404 2029 452 daemo·

201 480 264 507 ⁸¹⁶¹
418 502 522 531 num
547 482 735 548 praetensa
761 478 1256 527 oracula&divinationes
1278 471 1517 536 triumphet.
1556 478 1783 534 Proponant
1807 472 2029 523 &indicent

422 550 528 596 nohis
549 567 594 595 ea
618 566 700 610 qnae
722 547 944 593 obventura
946 545 1068 603 sunt3
1098 550 1144 595 θ’*
1147 542 1315 599 sciemus
1327 539 1577 599 novzffimum
1589 555 1737 583 eorum.
1775 541 2030 583 Annunciate

410 619 590 676 futura,
615 612 843 670 &sciemus
867 612 953 656 deos
977 627 1047 654 vos
1070 608 1148 669 ‘'ffi'·
1188 606 1293 651 Esai.
1318 622 1381 665 41:
1414 621 1483 657 22,
1513 620 1575 663 23.
1615 615 1736 662 atque
1748 603 2032 648 evincunteam

422 696 565 725 omnes
586 676 807 741 prophetice
820 711 833 732 ‚
865 676 1013 736 quibus
1024 675 1139 736 plena
1150 671 1205 716 est
1220 675 1259 717 S.
1277 673 1493 732 Scriptura.
1531 672 1601 716 Ut
1613 667 1722 729 quod
1731 666 2033 729 quadringentos

422 763 546 790 annos
564 750 816 806 peregrinum
842 741 925 802 effl’t
928 742 1127 801 faturum
1130 740 1268 794 semen
1283 735 1518 781 Abrahami
1541 742 1582 779 m
1597 748 1704 778 terra
1704 731 1784 791 fibi
1795 749 1870 775 non
1879 739 2031 794 propria

422 815 502 855 &c.
539 810 650 854 Gen.
684 823 749 866 15:
781 824 838 868 13.
874 811 939 852 De
954 807 1215 865 fornicatione
1237 803 1370 863 populi
1394 805 1486 849 Dei,
1508 799 1690 857 secuturi
1702 798 1790 842 deos
1802 799 2033 859 alienigena-
2089 823 2091 859 ÷

421 892 531 920 rum.
566 877 695 919 Deut.
712 889 775 933 31:
795 880 860 918 16.
896 867 1015 931 quod
1038 871 1162 916 Filius
1185 868 1352 911 hominis
1375 866 1492 910 vadit
1506 898 1518 917 ,
1531 867 1637 925 ficut
1650 862 1908 924 sbriptumest
1923 863 1968 907 de
1978 880 2031 909 eo.
2090 875 2091 888 ¹

424 937 580 985 Matth.
603 947 672 984 26:
690 954 758 998 24.
793 936 843 983 de
866 934 991 997 Jndd
1003 931 1191 991 [scariotei
1203 967 1215 982 ‚
1246 931 1354 993 quod
1357 931 1590 994 proditurus
1602 929 1687 989 effi’t
1701 927 1915 984 Christum.
1933 925 2033 990 Joh.

425 1012 469 1051 6:
484 1022 554 1066 71.
596 1007 684 1067 Qi
705 1003 785 1048 edit
807 1018 962 1048 mecum
969 1016 1144 1062 panem,
1159 997 1324 1056 sustulit
1334 993 1525 1052 adverfits
1537 1013 1600 1040 me
1613 996 1759 1038 calcem
1760 992 1898 1050 ficum
1931 991 2034 1039 Ibid.
2090 1014 2092 1050 i

431 1086 493 1130 132
524 1069 590 1116 18.
625 1066 744 1128 quod
765 1085 841 1112 non
866 1063 985 1110 effent
1000 1063 1232 1126 frangenda
1266 1059 1423 1106 Christi
1446 1060 1531 1121 offa.
1581 1057 1687 1104 Ibid.
1720 1075 1786 1115 19:
1814 1065 1878 1119 36.
1911 1060 1966 1104 Et
1988 1055 2035 1104 de
2090 1054 2092 1080 ³

388 1132 390 1135 ’
426 1135 621 1179 omnibus
644 1133 761 1178 rebus
772 1131 920 1177 dicitur
935 1149 945 1175 ε
971 1134 1088 1174 Nota
1102 1129 1212 1172 enim
1226 1131 1310 1172 Deo
1313 1127 1415 1183 sunt
1427 1126 1478 1171 ab
1492 1132 1684 1171 omnivaevo
1701 1131 1834 1170 omnia
1846 1140 1957 1186 opera
1960 1122 2037 1180 sica
2090 1140 2092 1182 ᾗ

428 1204 509 1244 διε.
544 1202 612 1245 Ut
635 1198 751 1243 furor
775 1196 824 1242 sit
845 1199 888 1241 in
911 1195 1062 1241 Socino
1086 1194 1195 1238 illam
1218 1194 1261 1236 in
1284 1190 1461 1236 dubium
1486 1207 1671 1236 revocare
1693 1206 1705 1242 3
1742 1205 1868 1250 quem
1892 1189 2037 1235 insecu-

428 1278 495 1310 tus
519 1263 596 1310 fuit
606 1261 801 1311 vorstius
817 1281 826 1306 :
841 1278 930 1322 quo
943 1259 1115 1306 audaciae
1130 1273 1180 1302 ne
1191 1257 1354 1319 gentiles
1366 1254 1535 1317 quidem
1549 1267 1836 1317 proruperunt.

495 1332 613 1374 XIII.
655 1325 993 1375 Remonstrantes
1003 1323 1074 1371 etsi
1087 1340 1137 1368 eo
1150 1324 1283 1368 venire
1295 1321 1487 1368 nondum
1499 1320 1580 1366 auss
1595 1320 1672 1366 smt
1686 1355 1697 1373 ‚
1723 1336 1773 1365 ne
1783 1335 1919 1367 tamen
1931 1317 2039 1366 futu·
2091 1344 2093 1376 l

429 1410 576 1439 rorum
607 1393 808 1439 scientiam
820 1396 916 1437 Deo
930 1386 1199 1451 relinquendo
1211 1388 1382 1432 libertati
1394 1386 1583 1432 humanae
1597 1383 1900 1448 praejudicarent
1927 1390 2036 1441 (nam
2091 1438 2093 1447 ‚

430 1458 516 1505 haec
530 1461 649 1521 origo
662 1460 778 1520 impii
790 1458 894 1502 illius
907 1454 1109 1518 dogmatis
1123 1458 1141 1507 )
1159 1457 1201 1498 ὃ(
1214 1456 1356 1499 Deum
1375 1454 1523 1515 peccati
1537 1454 1750 1497 auctorem
1762 1450 2038 1504 facerennfun-
2091 1502 2092 1511 ἵ

430 1523 671 1570 damentum
696 1525 799 1568 illius
823 1523 990 1567 scientiae
1016 1518 1290 1581 quaesiverunt
1314 1520 1355 1562 in
1369 1516 1535 1576 scientid
1562 1516 1716 1570 medai,
1751 1532 1801 1560 ex
1826 1516 1909 1575 qua
1929 1518 2039 1561 Deus
2091 1514 2093 1568 ξ

432 1591 573 1633 omnia
598 1590 751 1650 praescit
774 1602 863 1633 ante
876 1586 1082 1633 decretum
1096 1586 1214 1630 suum
1230 1603 1239 1628 t
1254 1583 1382 1630 fatum
1398 1584 1441 1628 ea
1455 1583 1518 1628 via
1532 1580 1695 1627 evadere
1707 1594 1894 1626 conantes
1905 1597 1984 1641 qua
1994 1581 2041 1625 il-

433 1652 505 1698 lud
528 1654 674 1699 fortius
700 1652 955 1714 adstringunt
971 1684 983 1705 ‚
1010 1656 1052 1696 δε
1063 1651 1178 1710 juxta
1193 1666 1322 1711 quam
1333 1650 1473 1695 omnia
1484 1650 1620 1694 Socini
1632 1659 1869 1710 argumenta
1879 1647 2043 1709 plenum
2111 1686 2116 1692 ,

433 1719 563 1764 robur
575 1732 716 1764 contra
728 1719 835 1780 ipsos
841 1719 1042 1763 obtinent.
2092 1758 2093 1763 ,

499 1788 617 1829 XIV.
652 1790 927 1844 Qaecunque
951 1796 1086 1828 autem
1108 1781 1230 1840 hujus
1253 1782 1396 1828 erroris
1416 1781 1530 1827 facies
1551 1780 1773 1843 arripiatur,
1800 1775 1964 1824 absurda
1973 1775 2044 1824 estl
2092 1797 2093 1802 ¹

432 1851 746 1895 Socinianorum
759 1865 885 1902 error,
903 1849 975 1907 qui
988 1848 1104 1909 plane
1119 1846 1228 1893 idem
1242 1847 1318 1893 fuit
1337 1863 1430 1892 curn
1445 1848 1516 1892 illo
1531 1845 1760 1891 Aristotelis
1771 1848 1812 1888 &
1825 1845 2047 1897 Ciceronlsy·
2092 1835 2093 1845 ¹

433 1931 522 1974 qno
549 1931 606 1959 res
618 1914 778 1959 futuras.
790 1916 1065 1975 contingentes
1076 1915 1118 1957 in
1130 1914 1167 1958 se
1179 1929 1266 1957 non
1279 1913 1440 1964 scibiles,
1457 1911 1640 1971 adeoque
1654 1927 1741 1955 non
1752 1908 1827 1955 nisi
1839 1907 2041 1968 conjectu.

433 1981 477 2025 rai
508 1979 593 2024 sciri
606 1991 768 2040 ponunt
782 2012 797 2032 ‚
824 1979 904 2040 ipsa
916 1977 972 2023 est
983 1979 1176 2040 impietas.
1223 1977 1326 2040 Ipfias
1338 1992 1473 2024 autem
1486 1977 1570 2023 sciri
1583 1978 1603 2021 a
1615 1980 1714 2022 Deo
1725 2010 1738 2030 ‚
1762 1976 1858 2036 quia
1869 1990 1929 2020 eas
1938 1971 2045 2019 videt·
2092 2023 2093 2032 ἵ

436 2057 483 2088 ut
513 2058 622 2088 certo
636 2043 814 2097 futuras,
838 2048 881 2089 ὃς
905 2042 955 2089 ad
978 2059 1113 2088 unum
1138 2042 1418 2089 determinatas
1430 2060 1478 2088 ex
1492 2044 1527 2088 se
1541 2041 1765 2104 ipfis&su3
1779 2039 1935 2093 natura,
1958 2050 2044 2084 ante
2092 2033 2093 2044 ¹

436 2124 563 2153 omne
585 2107 794 2154 decretum
816 2110 923 2162 Dei,
964 2122 1010 2153 ut
1027 2109 1190 2171 Jesuitae
1217 2113 1259 2153 &
1284 2107 1623 2155 Remonstrantes
1634 2107 1796 2160 volunt,
1820 2121 1980 2150 merum
1990 2100 2043 2148 est

435 2173 795 2234 figmenttun,quo
808 2173 895 2220 idea
908 2189 1045 2219 rerum
1059 2176 1156 2219 Deo
1167 2173 1408 2219 extrinsecus
1419 2172 1621 2227 advenire,
1636 2171 1820 2232 adeoque
1832 2170 1882 2215 ab
1892 2169 1975 2232 ipso
1985 2170 2046 2214 in·-

437 2237 664 2299 dependens
676 2241 844 2300 ponitur
859 2273 872 2292 ,
897 2253 943 2284 ut
966 2240 1048 2284 Dei
1061 2237 1268 2284 decretum
1281 2243 1323 2283 &
1335 2236 1541 2301 permiffio
1553 2240 1791 2300 supervacua
1806 2270 1818 2291 ‚
1843 2237 1929 2280 imo
1952 2231 2046 2280 ridi-

439 2305 527 2349 cula
552 2301 614 2348 fit.
650 2302 834 2365 Superest
856 2320 953 2366 ergo
977 2318 1023 2348 ut
1045 2320 1183 2349 rerum
1207 2306 1538 2366 contingentium
1561 2302 1751 2349 futuritio
1774 2302 1981 2348 veritatem
2003 2301 2045 2357 &
2092 2313 2093 2319 ¹

440 2370 643 2413 scientiam
658 2368 770 2413 suam
785 2371 947 2430 accipiat
959 2370 981 2413 a
992 2370 1073 2414 Dei
1086 2367 1246 2415 decreto
1261 2374 1303 2414 &
1317 2370 1540 2416 voluntate.
2092 2406 2094 2422 ,

506 2436 602 2479 XV.
628 2431 786 2478 Frustra
799 2434 899 2479 vero
911 2447 1153 2496 praetexunt,
1170 2436 1337 2482 scientiae
1349 2436 1431 2481 Dei
1444 2433 1525 2480 hoc
1537 2435 1657 2496 pasto
1671 2431 1773 2479 nihil
1785 2429 2045 2485 detrahi,cum
2092 2430 2094 2435 ’

439 2496 577 2544 futura
603 2500 877 2561 contingentia
889 2515 976 2543 non
990 2498 1068 2544 sint
1079 2499 1225 2544 scibilia
1237 2534 1251 2554 ,
1280 2516 1412 2560 neque
1423 2498 1594 2546 habeant
1608 2501 1650 2544 in
1662 2498 1735 2543 sese
1747 2496 2045 2543 determinatam

444 2563 652 2609 veritatem
667 2582 677 2609 2
693 2566 944 2612 contrarium
955 2566 1065 2611 enim
1078 2581 1222 2614 verum
1235 2563 1352 2623 est,&
1365 2566 1554 2613 voluntas
1564 2565 1648 2614 Dei
1658 2563 1942 2614 futuritionem
1954 2559 2046 2607 isto·
2092 2600 2094 2615 ι

1956 2637 2047 2674 ruffi
2092 2633 2093 2645 ¹
