2116 2901
439 138 522 169 202
746 122 923 166 L113.
981 120 1018 164 Ι.
1075 120 1362 164 ΟΑΡυ’τ
1427 119 1742 193 XXXIII.

439 203 611 251 Christo
623 205 867 260 attribuunt,
892 202 1019 264 idque
1030 204 1210 266 respectu
1221 218 1371 256 eorum
1382 203 1695 258 tantummodo,
1709 201 1759 250 ad
1772 219 1864 265 quae
1880 205 2049 269 largien-

440 269 491 316 da
514 270 896 333 potestatemaDeo
919 269 1155 316 consecutus
1177 268 1240 314 fit.
1278 266 1410 316 Unde
1433 285 1519 313 non
1533 269 1583 314 ab
1595 270 1789 315 omnibus
1800 270 2047 333 promiscue,
2068 294 2074 300 ·

438 335 503 381 sed
526 338 569 381 in
592 335 765 383 Ecclefiss
779 336 916 381 solum
930 369 943 390 ,
969 348 1092 395 atque
1103 335 1125 379 Ξ
1139 333 1328 381 fidelibus
1340 334 1521 379 invocari
1532 351 1628 380 eum
1641 332 1750 397 poste
1762 335 2032 392 contendunt,

433 399 562 461 idque
573 405 615 447 in
628 403 740 448 terris
751 415 914 448 tanturn
927 418 939 453 ;
955 416 1041 445 non
1055 402 1166 446 enim
1179 413 1378 445 aeternum
1391 397 1479 445 fore
1490 401 1610 446 illum
1623 398 1828 446 honorem
1841 435 1853 455 ,
1889 400 1954 462 sed
1967 413 2044 465 p’o-

435 464 516 512 flea
539 466 726 530 deposito
748 484 876 530 regno
899 483 1085 529 exregem
1097 482 1194 510 eum
1206 464 1422 511 fiiturum:
1449 478 1571 525 atque
1582 468 1636 512 ita
1648 466 1689 510 in
1714 467 1920 528 privatum
1933 467 2045 514 ordi-
2069 497 2071 499 ·

434 546 530 578 nem
554 550 650 579 eum
672 532 805 578 rursus
826 532 1018 593 redigunt
1029 565 1043 586 ,
1068 536 1112 576 &
1133 532 1176 576 in
1188 547 1361 576 omnem
1374 533 1637 577 aeternitatem
1650 534 1746 577 Deo
1758 533 1907 594 pariter
1915 532 2046 593 subje-

434 598 552 643 &um
564 601 668 645 inter
678 599 856 659 reliquos
870 597 1004 644 fideles
1016 632 1028 652 ‚
1040 596 1187 643 ordine
1199 597 1333 642 solum
1347 597 1542 659 primum,
1553 598 1768 642 collocant.
1785 603 2041 660 Qanquam

2098 232 2116 464 .-‹.-v-⁷‘¹²‘⁴*'‘⁶⁵“Qss⁴

433 663 498 707 alii
522 662 608 709 haec
632 665 754 726 paulo
778 666 890 710 aliter
914 665 1125 726 explicent.
1160 664 1271 709 Sicut
1283 664 1406 708 etiarn
1418 661 1550 724 ipsum
1565 678 1651 706 non
1663 662 1815 724 {emper
1826 662 1948 709 istum
1964 662 2042 710 ho-
2108 676 2109 679 ’

432 742 578 774 norem
592 727 770 774 habuisse
781 728 963 777 statuunt
976 764 988 783 ,
1002 728 1066 774 sed
1078 725 1171 791 post
1184 730 1469 773 exaltationem
1481 763 1493 780 ‚
1522 728 1579 773 ob
1591 726 1831 790 potestatem
1846 727 2044 776 mediato-

431 794 548 848 riam,
573 811 699 855 quam
714 809 806 841 tum
819 798 981 859 accepit,
992 793 1164 840 demum
1176 794 1294 839 illum
1306 796 1476 838 nactum
1488 789 1582 845 esse3
1611 810 1700 854 quo
1713 791 1890 839 referunt
1902 792 2009 841 dieta
2024 815 2034 841 :

432 861 715 921 Qamobrem
739 869 787 914 ῤ’
809 867 923 908 Dens
935 879 1027 908 eum
1028 862 1350 923 superexaltavit
1363 893 1377 915 ‚
1403 866 1646 923 &ingratia
1658 860 1826 904 donavit
1837 866 1872 904 ei
1883 878 2038 916 nomen,

433 925 542 986 quod
554 926 679 989 fiapm
702 945 815 973 omne
837 945 978 972 nomen
991 927 1056 986 est.
1081 924 1226 988 Philip.
1249 943 1288 970 z:
1304 943 1347 983 9.
1382 930 1499 970 Data
1519 924 1681 985 estmihi
1693 931 1818 970 omnis
1823 926 2038 987 potcstasin
2107 942 2112 946 ·

432 991 524 1033 coelo
549 1001 597 1043 φ’
619 999 660 1035 in
687 1008 807 1038 terra.
841 991 998 1038 Matth.
1017 993 1086 1037 28:
1106 992 1171 1038 18.
1195 995 1238 1036 δε
1262 989 1479 1052 praesertim
1494 988 1599 1054 Joh.
1622 998 1687 1036 16:
1705 1006 1773 1050 24.
1797 993 1896 1035 Huc
1917 991 2040 1053 usque

431 1059 701 1117 nonpetivssts
714 1065 930 1123 quicquam
942 1067 983 1102 m
996 1064 1151 1103 nomine
1163 1075 1246 1102 meo
1262 1076 1274 1100 :
1284 1065 1404 1119 petite
1415 1063 1462 1109 (9³
1473 1062 1661 1118 accipietis
1673 1072 1684 1107 ;
1699 1071 1750 1101 ut
1763 1058 1895 1100 laetitia
1907 1057 2037 1116 vestra
2050 1078 2054 1081 ·

417 1120 477 1177 stt
501 1126 688 1185 completa
712 1142 723 1176 ;
751 1124 822 1170 ubi
839 1139 968 1185 petere
991 1131 1033 1167 in
1057 1130 1213 1167 nomine
1238 1122 1381 1183 Chresti
1404 1123 1603 1184 explicant
1626 1135 1757 1183 petere
1779 1122 1821 1166 in
1845 1120 2038 1184 potestate

429 1183 602 1239 Christi,
617 1202 739 1249 atque
751 1192 794 1235 eii
809 1189 927 1234 unice
941 1187 1159 1234 confisum.

496 1253 652 1299 XXXI.
681 1260 841 1302 Verum
856 1252 1026 1301 Christo
1039 1255 1222 1300 summus
1235 1252 1376 1299 honor
1398 1252 1588 1308 debetur,
1606 1258 1646 1299 ἃ
1667 1253 1825 1299 summa
1837 1251 2036 1307 adoratio.

431 1321 491 1363 ‚Et
502 1318 667 1364 adorent
679 1339 771 1366 eum
784 1339 915 1367 omnes
928 1323 1081 1382 Angeli
1092 1325 1184 1365 Dei.
1222 1320 1353 1365 Hebr.
1374 1338 1409 1365 1:
1427 1328 1467 1365 6.
1501 1324 1568 1364 'Ut
1593 1318 1835 1382 concupiscat
1847 1324 1936 1364 Rex
1940 1323 2036 1383 pul-

430 1384 695 1430 chritudmem
710 1402 839 1432 tuam.
877 1392 998 1431 Nam
1013 1389 1073 1430 ille
1085 1386 1135 1444 cst
1147 1390 1348 1430 Dominus
1361 1401 1467 1430 tuus.
1497 1392 1544 1437 (J
1558 1386 1680 1430 adora
1693 1386 1830 1447 ipsism.
1855 1386 1950 1431 Psal.
1963 1400 2033 1446 45:

438 1465 454 1494 1
465 1466 485 1494 2
495 1484 504 1493 .
529 1454 571 1495 ὃ(
584 1452 692 1495 nulla
704 1467 814 1512 parte
826 1452 997 1498 inferior
1009 1449 1171 1496 honore
1186 1452 1310 1495 Patris
1322 1484 1333 1504 ‚
1348 1468 1446 1495 cum
1460 1453 1543 1512 pari
1556 1449 1758 1509 majestate
1770 1448 1959 1512 praeditus
1973 1449 2034 1497 fit.

430 1519 488 1559 Et
502 1516 616 1572 sedeo
641 1534 733 1561 cum
757 1523 881 1563 Patre
895 1535 978 1563 meo
1002 1524 1043 1561 in
1057 1516 1194 1561 throno
1209 1519 1310 1577 ejus.
1337 1520 1471 1579 Apoc.
1490 1533 1522 1576 3.
1544 1531 1611 1562 21⁸.
1636 1518 1723 1561 imo
1737 1515 1814 1579 ipse
1829 1521 1942 1562 Pater
1954 1515 2035 1562 fine

428 1582 534 1626 Filio
557 1596 607 1625 ne
630 1580 788 1628 adorari
812 1582 982 1644 quidem
1006 1579 1142 1644 poffit.
1176 1585 1329 1641 Neque
1351 1580 1443 1645 post
1466 1581 1733 1628 ascensionem
1747 1584 1788 1627 in
1801 1582 1955 1628 coelum
1967 1580 2036 1627 de-

428 1661 551 1692 mum
575 1643 686 1691 hunc
708 1647 913 1694 honorem
940 1646 1105 1710 adeptus
1118 1646 1175 1692 est
1189 1681 1201 1700 ,
1225 1646 1680 1707 instar-factitiialicujus
1693 1650 1887 1701 numinis,
1902 1645 2032 1708 quod,

427 1710 533 1757 dum
546 1726 665 1758 terras
676 1711 871 1760 habitavit
882 1748 894 1768 ‚
920 1714 1013 1758 coeli
1026 1710 1217 1759 nondum
1232 1711 1393 1758 honore
1407 1715 1595 1759 mortales
1605 1713 1759 1774 dignati
1774 1713 1851 1760 fint
1866 1733 1875 1757 :
1902 1729 2032 1773 neque

426 1774 508 1822 hoc
532 1778 629 1822 loco
654 1778 726 1824 illo
741 1778 944 1843 johannis
967 1780 1190 1825 evincitur:
1216 1795 1312 1825 nam
1335 1797 1476 1823 nomen
1491 1779 1633 1840 Christi
1659 1794 1744 1823 non
1758 1778 1808 1824 de
1822 1776 2031 1842 potestate,

424 1859 554 1904 quam
567 1841 751 1890 videlicet
762 1858 854 1890 tum
871 1847 1055 1907 primum
1069 1842 1284 1907 adepturus
1296 1846 1401 1891 foret
1414 1877 1426 1897 ,
1439 1842 1504 1889 sed
1516 1844 1566 1891 de
1576 1846 1742 1908 persona
1754 1844 1950 1907 potestate
1960 1842 2031 1889 ista

423 1907 592 1970 praedita
617 1909 894 1972 accipiendum
919 1908 976 1955 est
991 1944 1003 1965 ,
1027 1924 1075 1956 ut
1099 1912 1198 1957 Aet.
1215 1928 1249 1972 3:
1272 1920 1337 1957 16.
1361 1914 1489 1956 Hunc
1513 1930 1632 1974 quem
1645 1911 1788 1973 vidctis
1802 1909 2028 1966 &novistin

410 1976 605 2035 firmavit
629 1994 769 2021 nomen
793 1979 895 2037 ejus,
922 1974 964 2021 h.
977 1992 1011 2020 e.
1037 1975 1116 2037 ipse
1128 1978 1640 2022 nominatus&invocatus
1652 1977 1796 2022 auctor
1807 1976 2028 2022 sanationis.
2072 2030 2074 2033 ι

422 2041 485 2084 Sic
498 2038 653 2085 Matth.
671 2042 739 2087 28:
760 2057 828 2098 19.
863 2041 1104 2103 Baptzfhntes
1127 2060 1189 2087 eos
1210 2050 1251 2086 in
1273 2060 1413 2087 nomen
1437 2047 1571 2088 Patris
1584 2049 1632 2095 εἴ
1644 2045 1736 2088 Filii
1749 2048 1795 2094 effi
1807 2047 1975 2104 Spiritus
1986 2044 2027 2084 S.

423 2110 466 2150 δέ
479 2107 533 2149 ita
545 2113 586 2148 in
598 2114 752 2151 nomine
763 2109 880 2160 Filii,
904 2105 946 2152 id
959 2106 1032 2161 est,
1055 2105 1323 2154 intercedente
1334 2108 1584 2153 invocationi
1607 2107 1754 2152 nostrae
1768 2108 1934 2168 persona
1945 2104 2031 2151 Filii

424 2173 522 2223 Dei,
549 2171 798 2217 invocandus
811 2172 867 2218 est
881 2175 1011 2225 Deus,
1035 2173 1271 2234 semperque
1282 2176 1336 2218 ita
1349 2171 1536 2218 adoratus
1548 2174 1641 2219 fuit.
1666 2177 1817 2232 Neque
1830 2174 1937 2217 enim
1951 2169 2029 2215 hoc

423 2249 542 2298 negat
554 2233 686 2280 hocin
700 2240 794 2282 loco
808 2236 1014 2291 Christus,
1027 2235 1129 2282 dum
1144 2236 1241 2283 dicit
1257 2256 1266 2281 ε
1302 2242 1402 2283 Huc
1414 2239 1535 2300 astque
1547 2240 1647 2284 nihil
1651 2239 1839 2302 petivistis
1851 2246 1891 2282 in
1905 2241 2028 2281 nomi-

423 2321 471 2346 nc
484 2320 567 2345 meo
583 2306 660 2346 &cz
690 2301 756 2348 sed
779 2304 841 2348 vel
866 2301 1016 2348 statum
1029 2301 1212 2349 Ecclefiae
1225 2305 1383 2350 Veteris
1396 2338 1408 2357 ‚
1433 2320 1526 2363 quae
1541 2302 1590 2349 de
1602 2306 1836 2365 longinquo
1849 2301 1951 2348 stans
1962 2315 2028 2363 per

423 2370 695 2413 interventum
712 2366 918 2414 sacerdotii
931 2370 1091 2413 carnalis
1119 2364 1263 2415 Deum
1275 2368 1468 2415 haetenus
1480 2385 1666 2415 venerata
1679 2369 1806 2415 fuerat
1817 2403 1828 2419 ‚
1847 2373 1900 2413 ’δε
1913 2369 1954 2412 in
1966 2366 2027 2427 spe

423 2431 660 2478 redemtoris
683 2432 811 2478 futuri
833 2443 995 2478 tantum
1020 2432 1268 2488 adoraverat,
1292 2451 1389 2480 cum
1402 2438 1544 2489 Nova,
1567 2452 1660 2495 quae
1674 2434 1757 2481 sine
1767 2433 1846 2480 isto
1860 2432 2025 2478 circuitu

423 2500 467 2542 in
483 2495 562 2542 fide
576 2501 792 2544 Servatoris
816 2533 829 2553 ,
855 2515 980 2559 quem
992 2497 1075 2558 jam
1089 2499 1324 2561 praestntem
1336 2500 1595 2562 conspexerat
1606 2534 1619 2555 ,
1642 2504 1786 2547 Deum
1799 2499 2025 2544 familiarius

429 2561 584 2610 aditura
594 2562 700 2612 soret
711 2598 725 2622 ‚
748 2566 965 2630 componit
979 2584 988 2614 :
1014 2565 1080 2616 vel
1091 2564 1384 2630 discipulorum
1408 2568 1588 2617 nimium
1601 2580 1779 2620 terrenos
1790 2562 1953 2677 affecti?
1963 2577 2025 2606 ca-

1931 2638 2023 2689 ngat,
