2116 2901
459 166 538 211 320
824 151 990 194 Ltss.
1058 150 1093 192 Ι.
1162 150 1461 193 CAPUT
1532 146 1781 193 XLIII.
1987 132 2091 211 -j'i

454 231 581 283 enim,
608 226 638 274 si
668 244 779 272 nunc
805 244 859 272 eae
873 225 1052 272 existunt
1068 261 1080 281 ,
1115 227 1296 288 sequitur
1307 243 1369 272 eas
1381 230 1501 273 etiam
1515 244 1597 273 cras
1609 222 1918 288 &sequentibus
1928 227 2070 277 diebu&

455 296 647 340 extituras
658 309 669 344 3
689 310 786 339 cum
801 295 906 338 inter
916 306 1045 356 partes
1056 290 1145 339 istas
1158 291 1387 347 durationis
1400 327 1412 347 ,
1447 309 1491 338 ac
1503 294 1698 355 temporis
1710 294 1844 338 nullus
1859 292 1907 340 fit
1927 310 2056 342 nexus.

454 361 511 404 Et
529 359 646 413 vero,
672 357 701 404 fi
715 360 775 404 vel
790 374 876 404 uno
890 372 1109 404 momento
1122 357 1195 404 sese
1206 356 1468 403 conservandi
1496 357 1684 404 facultate
1695 359 1887 421 polleant,
1915 376 1964 406 eo
1976 362 2053 424 ipso

453 422 766 488 independentes
778 423 1008 471 statuentur
1019 459 1033 479 ,
1067 438 1191 486 atque
1201 422 1302 469 adeo
1315 425 1437 481 etiam
1450 439 1622 470 aeternae.

229 508 378 546 ,mmm
520 493 553 533 Χ
563 495 723 551 ‚Atque
735 488 881 545 hoc‚ut
891 491 933 535 in
946 490 1141 536 omnibus
1153 491 1355 543 creaturis,
1369 491 1422 535 ita
1436 489 1635 552 praecipue
1649 504 1809 553 apparet
1822 492 1866 535 in
1882 493 2047 538 rationa-

233 561 419 600 rau'onabi-
450 556 578 608 libus3
595 573 690 618 quae
702 590 716 610 ,
741 573 839 601 cum
853 553 1112 602 nobiliffimae
1137 570 1260 615 atque
1274 553 1560 601 actuofiffimae
1586 555 1665 603 sint
1677 590 1690 610 ‚
1725 557 1788 601 vel
1800 557 1976 602 maxime
1988 574 2051 621 per

231 617 326 655 lium.
449 617 486 666 se
498 620 752 668 subsisterent
766 657 777 672 ‚
817 620 847 667 fi
859 623 946 667 talis
957 623 1092 683 aliqua
1105 620 1267 666 facultas
1279 623 1321 666 in
1333 623 1522 668 creaturis
1534 619 1708 667 daretur.
1744 626 1903 669 Verum
1926 638 2049 684 neque

448 688 530 732 illas
545 687 740 749 potestate
753 687 825 732 sese
838 685 1099 733 conservandi
1113 688 1278 748 pollere,
1297 704 1345 732 ex
1358 686 1736 749 imperfectionibus
1748 688 2044 745 multiplicibus,

448 754 599 812 quibus
610 755 809 807 laborant,
822 766 995 815 apparet.
1009 755 1048 800 Si
1060 754 1171 798 enim
1183 769 1237 798 eae
1251 750 1482 799 facultatem
1496 768 1580 799 tarn
1594 754 1832 798 immensam
1847 750 2045 807 haberent,

450 832 497 863 ut
511 817 583 864 fibi
598 817 834 864 sufficientes
845 815 967 864 essent
979 818 1031 865 ad
1043 816 1463 880 existendum,utique
1476 821 1612 864 multo
1625 821 1752 881 magis
1768 816 1985 865 sufficerent
1999 817 2046 866 ad

449 882 523 929 libi
550 883 819 930 tribuendum
834 883 1097 947 perfectiones
1110 885 1192 949 illas
1205 900 1349 931 omnes
1363 918 1374 939 ,
1411 901 1512 946 quas
1525 886 1697 937 vellent3
1715 883 1793 930 hoc
1806 886 1914 930 enim
1927 886 2043 931 levius

447 947 504 994 est
520 984 531 1003 ,
567 967 693 1010 quam
709 951 835 1013 ipsam
857 948 1119 996 substantiam
1136 984 1146 1004 ,
1169 952 1304 996 cuieae
1329 949 1592 1012 perfectiones
1605 949 1883 997 attribuuntur
1900 984 1912 1004 ,
1945 967 2040 996 con·

449 1014 612 1061 servare.
648 1019 747 1061 Hoc
761 1029 895 1062 autem
907 1033 968 1061 eas
980 1032 1066 1060 non
1080 1011 1202 1077 pofle,
1219 1014 1544 1078 imperfectiones
1556 1032 1695 1061 earum
1708 1014 2040 1064 testantur.Dein-

447 1079 500 1125 de
524 1080 552 1126 fi
580 1098 626 1126 ea
649 1085 690 1127 in
716 1083 835 1127 nobis
858 1080 1022 1127 facultas
1045 1080 1152 1128 foret
1166 1115 1177 1134 ‚
1214 1097 1327 1126 mens
1355 1081 1492 1127 nostra
1505 1080 1648 1144 procul
1661 1079 1793 1127 dubio
1807 1080 1887 1140 ejus
1900 1082 2042 1127 conscia

447 1146 553 1192 foret
566 1181 577 1199 ,
612 1165 710 1193 cum
734 1165 823 1193 eam
850 1146 1016 1210 singulis
1041 1148 1262 1193 momentis
1274 1163 1452 1192 exercere
1464 1145 1649 1192 deberet:
1676 1163 1750 1192 nos
1762 1161 1895 1192 autem
1907 1164 1990 1193 eam
2002 1148 2040 1193 in

446 1212 566 1258 nobis
588 1230 673 1258 non
698 1212 1053 1276 deprehendimus.
1089 1215 1158 1260 Ut
1182 1211 1448 1259 manifestum
1473 1211 1522 1260 sit
1535 1229 1610 1258 nos
1621 1214 1642 1258 a
1655 1214 1767 1258 causa
1778 1214 1968 1276 superiori
1979 1211 2041 1259 de-

450 1277 636 1340 pendere,
644 1293 765 1340 atque
777 1280 828 1325 ab
839 1296 883 1325 ea
894 1278 1131 1325 conservari.

228 1337 325 1386 {Quid
341 1336 385 1388 fit
399 1346 415 1376 ·‘
513 1346 573 1389 XI
579 1380 587 1389 .
626 1346 959 1391 Conservationis
981 1359 1118 1390 autern
1142 1359 1329 1392 naturam
1355 1343 1474 1405 quod
1488 1346 1629 1391 attinet
1643 1379 1655 1399 ,
1679 1360 1765 1389 non
1779 1344 1832 1389 est
1844 1344 1921 1398 illa,
1949 1342 2040 1390 ficut

450 1410 572 1456 etiam
597 1413 761 1463 creatio,
782 1412 890 1456 actio
904 1411 1038 1471 aliqua
1052 1412 1133 1456 Dei
1148 1445 1161 1466 ,
1196 1426 1266 1472 per
1278 1409 1458 1455 modum
1472 1410 1636 1469 alicujus
1651 1409 1785 1455 fluxus
1799 1423 1867 1458 aut
1879 1410 2038 1465 virtutis,

447 1475 469 1518 Ξι
481 1479 578 1520 Deo
591 1474 780 1522 distincta
795 1510 808 1530 ‚
830 1482 873 1522 δε
885 1490 996 1521 extra
1008 1493 1103 1522 eum
1117 1474 1321 1523 transiens.
1359 1481 1522 1523 Verum
1551 1475 1653 1522 ficut
1671 1477 1817 1521 creatio
1831 1473 1928 1521 nihil
1939 1471 2045 1520 aliud¹

445 1539 503 1586 est
515 1575 526 1595 ,
566 1558 694 1601 quam
719 1539 878 1589 essentia
901 1544 1008 1595 Dei,
1043 1540 1282 1605 apprehensa
1305 1558 1403 1588 cum
1426 1544 1637 1588 voluntate
1664 1538 1917 1600 seu³juffione
1928 1555 1971 1586 ut
1985 1555 2037 1585 res

445 1607 586 1653 existat
600 1641 610 1659 ,
648 1625 727 1653 una
751 1625 847 1653 cum
873 1609 1102 1655 mutatione
1125 1607 1248 1654 status
1270 1606 1367 1654 inde
1400 1609 1439 1652 in
1455 1625 1496 1652 re
1507 1609 1668 1653 creabili
1680 1609 1910 1653 consecuta:
1935 1607 1986 1651 ita
1998 1609 2035 1650 &

446 1673 698 1719 conservatio
727 1673 827 1718 nihil
854 1673 964 1729 aliud
976 1672 1047 1724 est,
1083 1690 1210 1734 quam
1223 1672 1363 1719 eadem
1380 1688 1527 1718 aeterna
1540 1678 1581 1718 &
1596 1671 1736 1718 efficax
1751 1674 1828 1718 Dei
1840 1668 1969 1730 juffio,
1993 1683 2034 1715 ut

443 1753 632 1785 creaturae
660 1756 786 1801 porro
810 1738 889 1785 fint
900 1775 915 1791 ,⁴
951 1737 1201 1785 considerata
1224 1757 1322 1785 cum
1334 1738 1597 1784 coexistentia
1610 1736 1860 1797 effectt1ssui.
1897 1740 2032 1798 Neque

442 1804 565 1848 etiarn
589 1807 630 1849 in
644 1806 821 1850 creatura
834 1804 931 1851 dicit
944 1803 1166 1866 passionem
1181 1819 1249 1850 aut
1262 1806 1485 1865 quicquam
1520 1803 1628 1849 aliud
1642 1805 1692 1849 ab
1702 1805 1806 1849 illius
1817 1799 1967 1847 effentia
1978 1799 2031 1846 di-

442 1870 631 1924 versum,
655 1869 718 1916 sed
744 1873 879 1934 potius
901 1871 1026 1933 ipsam
1039 1869 1123 1931 ejus
1134 1867 1336 1916 essentiam
1351 1903 1365 1924 ,
1396 1886 1491 1916 cum
1505 1871 1684 1934 respectu
1697 1871 1899 1915 continuae
1912 1868 1933 1913 a
1944 1869 2030 1913 Deo

442 1932 735 1997 dependentia-².

220 1998 256 2030 A
271 1995 412 2032 creatio·
507 2002 567 2045 XI
576 2005 605 2046 1.
642 2001 774 2048 Unde
787 2002 805 2047 ὃ
824 2005 1024 2049 creatione
1036 2004 1188 2048 realiter
1199 2019 1284 2047 non
1297 2000 1448 2057 differt,
1465 2000 1529 2048 sed
1543 2003 1702 2049 ratione
1716 2015 1886 2047 tantum.
1915 2000 2028 2051 Utra-

219 2061 337 2139 Kinna?
351 2063 411 2150 Z}
444 2082 525 2122 que
539 2068 645 2113 enim
661 2066 759 2114 dicit
771 2068 939 2114 eandem
954 2071 1036 2114 Dei
1050 2070 1302 2115 voluntatem
1317 2069 1382 2114 seu
1393 2066 1614 2127 juffionem
1626 2102 1639 2122 ,
1671 2084 1740 2131 per
1752 2082 1876 2128 quam
1889 2080 1944 2110 res
1954 2062 2027 2108 exi-

329 2127 342 2148 '
444 2130 569 2185 stunt,
585 2138 626 2177 3<
640 2130 713 2178 effe
727 2135 972 2196 perseverant
987 2154 996 2179 t
1016 2149 1142 2195 atque
1154 2133 1332 2180 eundem
1347 2148 1518 2194 utraque
1530 2132 1650 2179 habet
1661 2135 1896 2185 terminum,
1927 2136 2040 2173 nem·'

441 2212 490 2258 pe
501 2198 633 2259 ipsum
646 2196 721 2244 effe
732 2216 870 2244 rerum
887 2234 898 2254 ,
935 2215 981 2245 ut
995 2198 1113 2261 quod
1135 2201 1272 2261 primo
1286 2199 1531 2261 producitur
1541 2234 1553 2252 ,
1592 2203 1635 2244 &
1648 2198 1895 2261 productum
1909 2191 2025 2239 conti-

435 2278 586 2307 nuatur
598 2281 608 2314 3
626 2263 751 2325 idque
763 2281 848 2309 non
863 2282 932 2328 per
944 2267 1149 2311 aftionem
1163 2265 1225 2310 seu
1236 2263 1456 2323 juffionem
1470 2268 1752 2327 interruptam,
1778 2261 1840 2309 sed
1854 2259 2021 2307 continu·

440 2345 521 2380 am,
535 2331 623 2373 imo
648 2328 832 2377 eandem.

218 2396 299 2432 Eius
321 2411 392 2433 mo·
504 2397 564 2439 XI
571 2399 624 2439 ll.
660 2394 850 2442 Modum
878 2411 1014 2442 autem
1028 2413 1116 2457 quo
1130 2399 1244 2442 Deus
1257 2396 1605 2441 conservationem
1617 2393 1722 2440 hanc
1734 2393 1892 2456 peragit,
1917 2402 2018 2452 pene·

218 2451 292 2488 dus.
436 2472 540 2504 trare
563 2474 751 2507 creaturae
766 2462 1016 2507 imbecillitas
1030 2466 1099 2508 vix
1111 2464 1310 2523 permittit
1322 2497 1334 2513 ‚
1373 2478 1469 2506 cum
1485 2463 1736 2524 operationes
1748 2461 1844 2515 entis
1854 2453 1987 2501 infiniti
2000 2451 2018 2494 ὲ

433 2526 577 2570 natura
606 2524 722 2571 finita
748 2526 864 2589 plene
880 2529 1024 2590 percipi
1038 2545 1123 2572 non
1137 2525 1301 2589 poffint.
1343 2519 1572 2572 Observare
1601 2539 1736 2570 tamen
1750 2526 1836 2569 licet
1847 2531 2017 2567 creatura-

435 2606 528 2635 rum
547 2589 773 2638 discrimina
789 2595 807 2648 ,'
824 2591 939 2652 juxta
952 2610 1046 2654 quae
1062 2597 1176 2640 Deus
1191 2594 1287 2656 ipsas
1302 2592 1410 2638 varie
1428 2592 1648 2645 cons.·1·vat,
1669 2605 1793 2654 prout
1815 2605 1865 2634 eae
1877 2585 1956 2631 sunt
1967 2578 2017 2624 vel

1939 2644 2013 2692 sub-

218 2158 345 2194 rarione

218 2210 338 2260 dffire.
