2116 2901
441 123 521 190 352'
779 113 1661 170 L13.I.CA1³u·1-XLV.

439 202 709 254 editiszmodo
721 204 790 250 illa
799 201 905 251 edita
916 201 1009 256 sint5
1024 205 1069 248 δε
1079 200 1131 248 ab
1142 202 1393 265 apparitione
1403 197 1750 265 spectrorumtubi
1761 197 1859 247 citra
1869 195 2057 250 fi-audem

441 271 549 319 illud
560 271 611 318 fit
623 287 636 324 ;
662 268 867 334 praecipue
890 282 1027 316 autem
1050 267 1102 315 ab
1126 268 1410 330 energumenis
1430 301 1446 323 ,
1469 266 1610 331 lingua
1621 265 1696 313 fibi
1707 267 1849 329 ignota
1860 266 1960 330 saepe
1970 267 2057 314 bla-
2114 328 2116 330 Ι

443 336 609 400 sphema
622 337 902 398 loquentibus,
929 352 1024 398 quae
1036 350 1134 381 cum
1145 334 1168 380 a
1180 337 1278 380 Deo
1289 331 1490 398 proficisci
1512 349 1599 379 non
1621 329 1776 396 posfint
1788 366 1801 387 ,
1835 348 1910 379 nec
1920 334 1963 379 in
1974 331 2056 380 ho-

443 406 578 450 mines
592 405 684 450 illos
694 403 958 458 conveniant,
983 402 1114 448 malos
1122 401 1263 464 genios
1274 401 1460 446 aue-tores
1480 396 1681 463 produnt.
1717 400 1809 462 Q
1821 396 1853 444 fi
1863 398 2051 455 existant,

439 471 565 516 etiam
587 470 724 516 bonos
744 467 912 517 existere
935 483 1024 514 non
1035 466 1307 531 improbabile
1319 465 1393 522 est,
1410 482 1508 513 cum
1519 463 1594 529 ipsi
1606 465 1744 513 {altem
1757 465 1808 512 ab
1818 465 1940 512 initio
1950 465 2052 513 boni

439 532 517 580 effe
530 534 760 583 debuerint.
2065 574 2068 578 .

218 625 324 665 quam
338 618 370 652 s.
504 604 605 649 VII.
640 605 803 649 Verum
823 603 866 649 S.
879 604 921 647 S.
943 600 1067 647 literae
1081 633 1094 655 ,
1124 612 1249 661 atque
1264 612 1456 664 perpetua
1465 595 1653 646 Ecclefiae
1666 595 1850 653 historia,
1873 613 1967 658 quae
1979 613 2051 645 eo-

218 671 402 721 scriptura.
435 682 532 713 rum
545 668 827 731 apparitiones,
843 667 1038 728 alloquia,
1051 679 1175 727 atque
1185 681 1313 729 opem
1324 665 1451 730 ipsam
1463 665 1563 729 saepe
1573 678 1737 728 experta
1747 662 1808 711 est
1818 697 1834 720 ,
1854 664 1949 710 tales
1961 665 2050 728 spi·
2070 712 2071 715 ,

432 734 536 778 ritus
549 732 717 782 existere
729 732 943 781 indubiam
957 730 1086 780 fidem
1098 731 1266 778 faciunt.

223 809 298 846 Cur
328 813 412 847 Mo·
497 803 621 847 VIII.
640 798 777 863 Qod
789 813 926 846 autem
940 799 1081 844 Moses
1092 813 1242 844 eorum
1255 799 1298 843 in
1310 798 1512 846 creatione
1524 812 1612 843 non
1624 796 1872 850 meminerit,
1888 794 2047 846 fastum

208 865 260 928 ἧς
277 877 392 927 eamq,
433 862 608 918 videtur,
614 863 735 927 quod
747 865 820 929 ipfi
833 862 1093 929 potissimum
1105 863 1369 927 propofitum
1379 863 1500 910 fuerit
1512 865 1656 927 populi
1673 864 1755 909 Dei
1768 865 1925 909 annales
1936 877 2048 911 texe·
2063 892 2067 902 τ

216 932 254 956 '²'
268 930 411 957 ‘mm‘
432 946 489 984 re,
519 934 691 994 repetito
704 932 726 976 a
738 933 879 993 primis
890 930 923 987 ej
929 948 974 977 us
986 930 1224 977 incunabilis
1237 945 1362 992 atque
1375 930 1460 993 ipso
1473 928 1623 976 mundi
1635 942 1732 975 ortu
1744 930 1879 976 initio.
1914 927 2048 977 Unde

212 985 393 1075 agenti·
435 995 584 1043 mundi
608 995 767 1043 conditi
788 993 1005 1042 historiam
1027 997 1164 1056 paucis
1173 994 1474 1040 tantummodo
1486 993 1718 1058 perstringit
1729 1028 1744 1048 ,
1777 999 1821 1040 &
1832 994 2046 1044 mundum
2105 993 2110 996 ’

216 1083 355 1122 „inm-t
367 1090 385 1121 ρ
432 1059 544 1107 hunc
557 1062 837 1125 aspeetabilem
850 1095 864 1116 ,
896 1061 940 1106 in
953 1075 1043 1122 quo
1054 1057 1319 1106 collocandus
1342 1059 1449 1106 foret
1461 1058 1595 1106 homo
1609 1094 1623 1115 ,
1657 1057 1866 1107 delineasse
1877 1058 2047 1109 conten·
2077 1056 2082 1060 ’

432 1141 513 1182 tus,
537 1144 641 1174 mox
653 1125 704 1174 ad
715 1125 936 1176 hominem
949 1122 1100 1171 mundi
1110 1125 1313 1171 colonum
1325 1127 1469 1189 pergit,
1482 1140 1606 1188 atque
1618 1123 1713 1172 inde
1725 1128 1908 1173 universs
1919 1142 2048 1191 porro

432 1192 622 1240 Ecclesiae
634 1193 713 1240 fata
725 1191 905 1240 deducit.
939 1189 1075 1239 Unde
1087 1207 1181 1253 quae
1193 1188 1245 1236 de
1256 1193 1427 1255 Angelis
1440 1191 1579 1255 postea
1592 1204 1727 1239 narrat
1737 1226 1751 1248 ,
1764 1209 1911 1240 eorum
1924 1205 2048 1257 opera

433 1275 528 1321 erga
551 1258 688 1306 fideles
699 1263 743 1305 δε
753 1257 977 1307 Ecclesiam
989 1257 1081 1304 sunt
1092 1270 1104 1309 3
1132 1270 1180 1303 ut
1190 1256 1271 1303 isto
1282 1258 1464 1320 respectu
1477 1258 1613 1305 solum
1623 1275 1773 1307 eorum
1786 1260 2045 1307 mentionem
2093 1266 2098 1320 ‡

433 1322 562 1371 facian
602 1333 862 1390 Qanquam
886 1326 930 1370 in
952 1324 1032 1388 ipsa
1042 1324 1254 1370 creationis
1266 1321 1436 1370 historia
1447 1341 1535 1369 non
1546 1324 1719 1370 obscure
1731 1341 1881 1372 eorum
1896 1327 2048 1386 memi-
2096 1323 2098 1325 ¹

432 1391 538 1436 nerit
551 1425 564 1446 ‚
578 1390 653 1437 sub
667 1393 838 1436 nomine
850 1398 1098 1439 exercituum
1110 1389 1333 1449 caelestium.
1355 1394 1416 1435 Et
1427 1389 1607 1448 absbluta
1620 1390 1726 1448 stent
1747 1394 1891 1438 coelum
1904 1397 1951 1445 ᾤ’
1964 1388 2064 1438 ιον-ἶ

432 1471 482 1499 ra
495 1461 544 1509 ὠ
557 1465 683 1504 omnis
693 1464 890 1504 exercitus
902 1456 1235 1503 illorum.Gen.2:
1245 1472 1261 1502 1
1271 1490 1281 1501 .
1293 1454 1406 1502 conf.
1423 1473 1441 1502 1
1457 1459 1643 1521 Reg.22:
1652 1474 1718 1516 19.
1731 1459 1822 1504 Vidi
1831 1457 2048 1521 Jehovam
2115 1503 2116 1508 ,

428 1521 838 1582 iffidentemftliofho
850 1557 864 1577 ,
889 1529 937 1577 (ῤ’
948 1537 1080 1575 totum
1093 1529 1314 1569 exercitum
1325 1526 1412 1568 coeli
1420 1523 1645 1584 adstantem
1656 1530 1716 1578 ei,
1750 1522 1778 1570 ὲ
1799 1525 1948 1571 dextra
1958 1527 2047 1589 ejus

431 1591 482 1638 ῤ’
495 1586 696 1649 dstnistra.
720 1593 823 1635 Luc.
834 1605 899 1635 211
909 1606 944 1651 3.
974 1593 1031 1636 Et
1043 1603 1199 1651 repente
1209 1589 1347 1650 adfuit
1369 1606 1462 1635 cum
1474 1592 1635 1655 Angelo
1659 1592 1878 1636 multitudo
1911 1599 2055 1652 marlae

431 1665 564 1716 adpensa
589 1662 843 1701 exercituum
865 1655 1076 1717 coelestium
1099 1655 1362 1700 laudantium
1383 1659 1539 1701 Deum.
1575 1653 1709 1703 Unde
1732 1660 1777 1703 &
1797 1657 2047 1719 generalibus

429 1722 562 1767 verbis
573 1726 657 1768 coeli
668 1726 711 1767 <Sc
724 1736 833 1768 terrae
844 1718 1141 1784 comprehendi
1157 1718 1406 1781 quibusdam
1419 1719 1627 1775 videntur,
1640 1722 1753 1768 Gen.
1763 1740 1780 1768 1
1791 1739 1838 1768 ιι.
1850 1724 2046 1786 Apertius

427 1800 566 1833 autem
579 1803 647 1832 eos
659 1803 763 1833 mox
777 1789 799 1833 a
810 1789 1010 1833 creatione
1022 1783 1194 1838 inducit,
1207 1787 1321 1832 Gen.
1329 1802 1427 1848 3:24
1446 1787 1519 1833 sub
1531 1788 1702 1833 nomine
1715 1786 1933 1836 Cherubim
1943 1823 1958 1844 ,
1971 1788 2044 1836 sub

428 1851 684 1916 qquudaeis
694 1854 786 1899 noti
798 1865 924 1898 erant.

207 1907 377 1948 sudatum
492 1922 568 1966 IX.
583 1917 868 1965 Inexculabilis
879 1933 977 1981 ergo
989 1914 1313 1964 Sadducaeorum
1324 1914 1406 1964 fuit
1417 1934 1544 1971 error,
1553 1919 1628 1979 qui
1639 1917 1812 1965 Mosem
1824 1920 2043 1983 ampleGae·

204 1963 353 2057 :ngetoz
426 1984 637 2039 bantur‚&
648 2000 822 2031 omnem
833 1996 971 2030 tamen
986 1983 1185 2047 Spiritum
1197 1983 1413 2044 negabant,
1437 1985 1624 2047 Angelos
1647 2000 1796 2048 nempe
1807 1989 1850 2031 &
1863 1987 2042 2035 animam

214 2018 293 2070 μὴ
304 2031 330 2070 g
354 2030 408 2059 Μ’
425 2048 622 2098 hominis.
653 2051 858 2098 Sadducaei
869 2052 1010 2097 dicunt
1022 2083 1035 2104 ,
1061 2068 1189 2113 neque
1214 2052 1427 2115 Angelum
1438 2082 1452 2104 ‚
1479 2065 1606 2113 neque
1619 2056 1814 2115 Spiritum
1825 2051 1905 2114 effi.
1940 2053 2041 2100 Αᾶ.

429 2132 476 2178 23
487 2117 544 2165 :8.
571 2120 688 2163 Cum
702 2130 839 2164 autem
850 2118 893 2162 in
906 2116 1018 2162 libris
1032 2114 1184 2169 Mofis,
1197 2119 1240 2161 &
1253 2116 1437 2162 universa
1450 2118 1668 2179 Scriptura,
1685 2134 1815 2178 quam
1827 2133 1915 2163 non
1928 2118 2043 2181 plane

425 2181 659 2242 rejiciebant
669 2217 682 2235 ‚
720 2183 856 2229 crebra
880 2184 1121 2246 angelorum
1146 2180 1220 2228 fiat
1243 2183 1402 2228 mentio
1425 2199 1437 2235 ς
1465 2197 1552 2228 non
1577 2183 1850 2245 improbabile
1870 2182 1928 2230 est
1940 2217 1954 2239 ‚
1976 2195 2046 2230 eot

423 2246 646 2304 credidisse,
660 2250 822 2312 angelos
833 2247 1005 2312 quidem
1022 2246 1246 2311 aliquando
1257 2245 1486 2304 extitiffe,&
1498 2249 1741 2296 mortalibus
1752 2248 1858 2296 visos
1871 2265 1884 2302 ;
1898 2264 2040 2296 verum

421 2329 493 2360 eos
504 2312 557 2362 ad
569 2313 679 2362 istud
693 2316 829 2361 solum
842 2330 1004 2380 tempus
1016 2349 1031 2370 ,
1055 2328 1180 2377 atque
1191 2311 1242 2361 ad
1254 2312 1364 2361 istud
1375 2316 1593 2379 negotium
1606 2350 1619 2371 ,
1644 2313 1697 2362 ad
1709 2314 1829 2377 quod
1840 2319 1959 2363 Deus
1969 2329 2043 2363 eo-

419 2396 518 2426 rum
531 2380 758 2428 ministerio
772 2382 833 2429 uti
844 2383 963 2431 vellet
974 2416 989 2439 ,
1013 2382 1037 2428 a
1050 2383 1149 2429 Deo
1160 2393 1331 2435 creatos,
1357 2382 1558 2447 legatione
1568 2380 1678 2447 gesta
1691 2398 1787 2430 cum
1802 2381 2042 2447 corporibus

419 2445 498 2492 suis
512 2446 648 2495 rursus
661 2445 876 2496 evanuisse.

205 2502 332 2545 ”⁴⁷³³ae
483 2515 538 2560 X.
575 2512 899 2562 Sadducaeorum
934 2515 1185 2579 impietatem
1219 2513 1480 2579 interpolavit
1504 2514 1700 2580 superiori
1723 2513 1871 2563 saeculo
1897 2508 2036 2565 David

202 2562 368 2614 Georgius
418 2578 644 2645 Georgius,
670 2580 968 2647 impurissimus
993 2579 1282 2642 haerefiarcha,
1313 2580 1576 2634 confundens
1597 2583 1762 2649 angelos
1785 2597 1884 2631 cum
1894 2577 2038 2698 ffentis

567 2673 572 2678 ·
1926 2656 2036 2692 uma·
