2116 2901
0 171 3 181 .
363 134 451 180 DE
497 133 873 180 CREATLONE
925 148 992 179 IN
1038 148 1302 185 GENERE
1577 139 1654 187 281
1828 195 1836 203 ·

0 200 4 258 ξ
31 212 178 270 stm'ilia
190 215 443 281 Philosophi.
485 223 585 282 Qa
597 219 639 264 in
652 234 694 265 re
706 216 919 264 distinctio
933 216 1161 267 adhibenda
1172 219 1245 267 est.
1280 222 1364 270 Vel
1372 224 1483 270 enirn
1495 222 1546 271 de
1558 227 1654 288 plu-
1668 240 1685 257 s
1725 242 1728 244 ’
1760 214 1861 253 “⁴³⁸⁶

1733 255 1834 288 *ξε

30 287 136 336 tibus
148 282 313 332 mundis
326 283 391 330 seu
404 284 575 331 orbibus
587 285 894 348 particularibus
906 298 1021 332 terrae
1036 320 1048 340 ,
1064 283 1161 332 huic
1172 287 1322 334 nostrae
1337 287 1550 345 similibus,
1568 289 1651 337 hoc
1677 288 1911 378 W

4 370 7 388 ³
31 352 326 415 intelligebant5
353 352 396 396 in
409 367 498 413 quo
511 352 623 397 nulla
637 349 856 398 absurditas
879 353 944 399 vel
956 351 1231 399 contradiffio
1244 353 1301 400 est
1316 375 1325 400 :
1351 357 1415 401 vel
1427 358 1542 418 plura
1555 360 1651 403 uni-

31 419 162 471 versa,
203 434 248 464 ac
270 434 409 464 rerum
431 433 648 481 compages
672 419 695 464 ὲ
718 419 754 464 se
776 419 953 464 invicem
966 417 1154 482 separatas
1167 436 1211 465 ac
1222 418 1431 468 distinstas
1445 424 1650 485 concipie-

33 485 149 536 bant3
178 486 253 545 qui
276 499 496 549 conceptus
518 484 714 532 absurdus
726 488 768 530 δε
783 483 855 530 fibi
869 481 943 547 ipfi
956 500 1185 547 repugnans
1199 484 1269 532 est.
1310 491 1427 533 Cum
1450 489 1561 533 enim
1584 488 1650 535 di-

8 592 11 597 .
33 551 142 599 screti
168 548 398 596 statuanttu·
422 550 486 596 isti
510 550 684 605 mundi,
721 550 824 597 ficut
836 552 1038 613 Epicurus
1050 551 1116 596 sua
1129 552 1407 599 intermundia
1430 552 1645 610 statuebat,

33 619 94 664 vel
105 616 260 678 aliquid
272 619 376 663 inter
388 618 478 663 illos
490 616 739 677 interjacebit
751 652 764 672 ‚
799 618 864 663 vel
876 614 978 662 nihil
997 636 1007 662 :
1036 616 1065 662 si
1078 615 1181 663 nihil
1203 651 1215 672 ‚
1241 635 1292 664 ne
1305 617 1476 680 quidem
1491 618 1649 667 discreti

35 697 172 735 erunt3
191 682 221 728 fi
235 682 407 744 aliquid,
426 681 509 729 hoc
520 700 620 729 vero
634 683 720 747 ipso
733 697 852 734 erunt
866 684 1053 729 continui
1067 700 1078 735 ;
1105 700 1253 747 corpus
1266 687 1377 731 enim
1391 682 1472 731 hoc
1485 685 1649 746 interja-

12 772 13 775 ’
32 766 119 797 cens
129 750 256 795 veluti
268 751 487 795 communi
500 751 668 795 vinculo
681 766 926 814 compagem
939 748 1060 796 istam
1073 749 1298 815 conjunget
1312 785 1324 806 ‚
1359 749 1650 814 adeoquesrurss

32 816 91 863 sus
101 832 233 861 unum
247 830 410 863 tantum
424 817 498 862 erit
510 815 759 862 universum.
794 817 980 880 Spatium
992 818 1103 861 enim
1114 818 1404 881 imaginarium
1419 851 1431 871 ,
1456 817 1575 879 quod
1586 821 1652 864 in„

36 895 94 929 ter
115 881 202 928 duo
227 881 299 928 ista
324 882 504 929 universa
518 882 828 946 interjungunt‚
864 898 953 928 non
966 899 1015 929 ex
1028 898 1127 928 vero
1139 881 1196 928 est
1209 917 1222 939 ,
1257 882 1323 930 sed
1346 899 1510 930 merum
1521 883 1652 949 phan-

36 948 156 997 tasma
168 952 212 994 δε
223 949 440 995 aberrantis
453 949 597 994 mentis
610 947 854 996 ludibrium.

16 1071 18 1074 ¹
97 1017 298 1063 XXXIV.
333 1020 406 1061 An
419 1031 517 1061 vero
531 1016 664 1078 plures
676 1013 755 1062 sint
767 1014 916 1062 mundi
927 1016 1184 1079 particulares
1194 1051 1205 1068 ‚
1228 1015 1310 1062 five
1322 1032 1510 1079 corpora,
1522 1030 1651 1073 terrae,
1672 1013 1849 1068 'Anplures

39 1098 162 1144 quam
187 1098 263 1127 nos
285 1083 505 1128 incolimus
518 1115 531 1135 ‚
566 1079 709 1127 fimilia
724 1117 736 1137 ‚
761 1084 803 1127 in
828 1083 980 1143 quibus
994 1098 1064 1130 aut
1076 1082 1265 1129 homines
1278 1096 1348 1129 aut
1360 1084 1444 1129 aliae
1457 1097 1652 1130 creaturae
1673 1072 1874 1135 munfiifint

19 1167 21 1170 ·
39 1149 214 1195 viventes
226 1146 377 1211 degant
396 1165 407 1200 ;
431 1152 475 1194 &
489 1164 538 1193 an
552 1164 638 1192 non
652 1149 798 1210 reliqui
811 1150 978 1212 planetae
989 1184 1002 1201 ‚
1041 1151 1116 1212 qui
1129 1150 1232 1195 circa
1243 1149 1371 1194 solem
1385 1148 1585 1205 seruntur,
1611 1166 1653 1196 e-
1669 1128 1859 1230 {Zingis}-

39 1212 191 1273 jusdem
216 1231 313 1260 cum
340 1212 422 1260 hoc
446 1212 592 1260 nostro
606 1228 760 1260 naturae
775 1213 877 1267 fint;
916 1231 960 1261 ac
973 1231 1023 1261 an
1036 1232 1124 1261 non
1141 1219 1184 1260 &
1199 1216 1282 1261 aliae
1296 1214 1417 1260 stellae
1431 1217 1524 1262 tales
1537 1217 1653 1263 orbes
1673 1210 1749 1275 der'n
1762 1196 1840 1274 ium

40 1280 168 1327 secum
181 1279 335 1327 vehant
348 1315 360 1335 ,
400 1282 529 1342 qualis
541 1279 606 1327 hic
618 1279 756 1326 noster
767 1279 848 1333 est3
878 1298 928 1327 an
950 1298 1050 1327 vero
1075 1283 1118 1327 in
1140 1281 1344 1327 immenso
1356 1280 1436 1327 isto
1448 1283 1654 1328 coelorum
1675 1292 1776 1337 nostro
1793 1304 1862 1330 na-

21 1367 24 1370 ⁴
41 1348 163 1410 spatio
186 1343 322 1393 inanes
343 1346 547 1399 ferantur3
586 1364 660 1393 nec
685 1360 840 1394 temere
864 1345 1161 1402 affirmandum
1174 1382 1189 1399 ‚
1232 1364 1306 1392 nec
1318 1346 1554 1410 negandum
1569 1348 1626 1394 est
1643 1368 1653 1395 ι
1673 1344 1782 1386 tura?

43 1429 136 1460 cum
160 1415 243 1459 Dei
266 1429 391 1476 opera
413 1430 457 1460 ac
481 1411 586 1459 fines
610 1414 835 1459 maximam
848 1427 1005 1477 partem
1016 1416 1255 1477 ignoremus
1265 1447 1278 1464 ‚
1318 1429 1453 1474 neque
1466 1415 1586 1460 nimis
1597 1429 1658 1460 te-

45 1481 173 1526 nuiter
194 1477 245 1525 de
268 1481 343 1526 illis
366 1478 620 1527 sentiendum
637 1478 699 1525 fit.
744 1483 911 1525 Lunam
923 1480 1062 1525 saltem
1076 1514 1087 1534 ,
1102 1495 1196 1541 quae
1208 1479 1377 1542 propius
1389 1480 1507 1525 nobis
1518 1481 1659 1526 immi-

45 1552 111 1593 n'et
122 1580 134 1600 ,
169 1561 284 1594 terrae
308 1545 460 1593 nostrae
472 1542 547 1591 effe
559 1544 805 1609 persimilem
828 1561 897 1609 per
909 1543 1120 1591 artificiosa
1143 1545 1298 1608 specula
1311 1543 1394 1602 jam
1407 1543 1573 1591 dudum
1587 1545 1660 1592 de-

46 1609 283 1675 prehensum
306 1612 378 1659 est.
416 1615 487 1660 Ut
499 1610 565 1658 hic
576 1626 741 1658 tantum
754 1610 994 1674 praejudiciis
1006 1612 1252 1665 laboremus,
1279 1615 1322 1656 &
1334 1613 1505 1675 proprio
1518 1629 1659 1660 amore

26 1682 31 1712 ἓ
47 1679 170 1726 veluti
181 1692 317 1725 mente
329 1681 435 1743 capti
447 1695 522 1724 nos
533 1678 639 1724 solos
650 1680 733 1725 Dei
742 1677 900 1724 delicias
911 1682 1161 1741 putemus‚&
1174 1676 1359 1723 nostram
1371 1691 1518 1723 terram
1534 1694 1661 1724 mun·

29 1757 32 1767 ’
49 1742 91 1791 di
100 1746 228 1791 totius
241 1748 441 1809 angulum
454 1741 781 1791 amoenissimum
796 1779 809 1799 ‚
844 1748 887 1790 δε
899 1744 1094 1791 universae
1107 1757 1261 1790 naturae
1273 1742 1573 1806 compendium
1587 1779 1599 1799 ‚
1616 1760 1660 1790 ac

50 1810 177 1858 solum
202 1815 300 1858 Deo
322 1810 502 1876 dignum
524 1809 732 1858 theatrum
745 1809 967 1857 statuamus
980 1844 993 1865 ‚
1028 1811 1258 1871 omniaque
1270 1808 1391 1855 unice
1405 1823 1573 1873 propter
1585 1826 1663 1855 nos

53 1881 93 1923 &
115 1891 278 1941 propter
300 1879 410 1924 illam
436 1879 541 1925 fausta
563 1875 638 1924 esse
659 1892 833 1932 temere,
869 1881 910 1922 &
924 1892 1010 1922 non
1025 1875 1108 1922 fine
1119 1877 1377 1937 reliquorum
1391 1891 1565 1938 operum
1578 1877 1663 1922 Dei

55 1958 277 1999 contemtu,
287 1943 532 2002 judicemus.
557 1947 719 1991 Contra
732 1941 919 1989 homines
930 1944 1259 2002 tamen,aliorum
1275 1939 1533 1987 mundorum
1547 1943 1663 1987 inco-

55 2010 122 2065 las,
135 2009 325 2057 hacrenus
337 2013 541 2075 Scriptura
554 2008 912 2074 praestribit‚quod
924 1996 1025 2054 curri
1031 2003 1172 2054 curate
1186 2006 1357 2053 visibilia
1370 2009 1451 2053 Dei
1465 2023 1588 2070 opera
1601 2024 1664 2053 re-

57 2079 200 2124 censeat
213 2111 225 2132 ,
259 2080 463 2139 nusquam
485 2079 663 2124 aliorum
688 2074 912 2122 hominum
936 2075 1149 2121 meminit:
1182 2075 1286 2135 quin
1299 2078 1340 2118 δε
1354 2076 1498 2119 Deum
1523 2091 1572 2119 ex
1583 2092 1663 2119 nno

55 2141 232 2208 (ninguine
246 2145 372 2206 fiectffie
397 2159 471 2197 viv
490 2154 603 2194 ’έθιῶυ
627 2155 800 2208 &Quina
828 2158 959 2188 totum
974 2148 1021 2195 ξφ
1035 2159 1147 2186 omne
1154 2159 1282 2205 genus
1295 2139 1515 2191 hominum,
1547 2167 1664 2196 κριτος.

61 2214 122 2252 κ’ὅῖν
140 2219 194 2254 ἐπὶ
219 2219 286 2254 m‘z'v
306 2219 342 2253 τὸ
369 2219 543 2261 mma-ov
564 2221 615 2262 ’τῆς
640 2220 702 2263 γΐξς
728 2207 879 2263 ali-Crat,
903 2210 1004 2254 Αξῒ.
1025 2225 1090 2269 17·-
1109 2216 1177 2253 26.
1200 2205 1299 2254 Vld.
1317 2210 1359 2250 δι’
1373 2203 1626 2266 Effll.45218.

122 2275 298 2320 XXXV.
339 2269 547 2338 Qamv'is
561 2288 698 2320 tamen
712 2274 893 2322 mundus
905 2273 971 2321 hic
983 2275 1124 2319 unicus
1139 2272 1187 2319 fit
1199 2307 1212 2328 ,
1247 2269 1516 2317 nihilominus
1528 2271 1660 2318 diver.
1683 2279 1812 2318 Mundi

64 2336 114 2383 sas
135 2353 258 2402 partes
282 2341 366 2386 suas
394 2341 514 2387 habet
527 2376 538 2395 ,
574 2358 624 2387 ex
637 2340 796 2388 diverso
810 2355 932 2387 motu
945 2339 1017 2404 ipfi
1032 2338 1166 2385 indito
1180 2374 1193 2393 ,
1229 2355 1318 2400 quo
1332 2339 1472 2383 omnia
1486 2338 1593 2383 varie
1608 2340 1661 2384 ci·
1677 2344 1801 2385 Parm-

66 2417 179 2451 entur
191 2440 202 2460 ,
238 2410 280 2451 Sc
305 2409 408 2452 varia
434 2424 609 2470 corpora
622 2406 804 2456 efficiunt
818 2443 831 2463 ,
866 2407 988 2453 fastas
999 2412 1040 2452 δέ
1054 2418 1365 2469 coagmentatas.
1404 2407 1474 2450 Ut
1499 2421 1602 2450 unus
1617 2403 1665 2453 fit

68 2481 114 2515 ex
135 2474 308 2534 partium
336 2475 619 2536 aggregatione
631 2509 643 2529 ‚
668 2489 791 2537 atque
802 2476 998 2521 omnium
1011 2475 1114 2519 inter
1126 2473 1162 2518 se
1175 2470 1320 2519 ordine
1332 2487 1374 2516 ac
1387 2468 1469 2515 fine
1482 2472 1502 2515 a
1514 2470 1664 2534 sapien-

68 2533 212 2597 tiffimo
225 2537 441 2584 conditore
452 2540 695 2588 constituto.

131 2605 326 2653 XXXVI.
341 2608 484 2669 Atque
497 2606 562 2655 hic
575 2607 878 2671 repudiandum
891 2607 947 2656 cst
960 2604 1068 2655 istud
1083 2604 1332 2668 figmentum
1345 2602 1669 2665 vete1·um,quod
1686 2608 1847 2662 Rejicg‘tu‘rj

1092 2676 1138 2719 N
1164 2687 1189 2716 n
1591 2685 1670 2715 nu-
