2116 2901
417 142 529 185 „126
763 133 930 181 1:11³.
987 135 1024 181 Ι.
1080 134 1381 180 Capu-r
1444 130 1697 181 XXIII.

440 232 628 268 creaturae
652 217 892 265 mutabilem
904 250 917 272 ,
939 216 1069 278 iisque
1090 215 1359 280 posteriorem
1380 215 1533 263 faciunt
1546 236 1557 263 ε
1582 232 1680 264 cum
1701 229 1839 266 tamen
1850 234 1894 266 ea
1905 217 2056 285 sempe?

442 282 645 332 antecedat
657 285 769 330 actus
778 280 1001 334 humanos,
1020 282 1171 344 eosque
1181 295 1305 345 regat.
1336 287 1380 327 Si
1391 287 1592 328 Dominus
1602 285 1774 328 voluerit
1787 291 1835 339 &
1845 292 2049 342 vivamus,

432 353 632 411 faciemus
643 348 726 403 hoc,
739 361 814 393 aut
825 347 935 392 illud.
963 348 1052 412 Jac.
1069 363 1113 408 4:
1133 363 1197 407 15.
1231 345 1384 392 etiamsi
1397 349 1512 391 Deus
1524 349 1655 392 multa
1665 349 1761 394 velit
1772 382 1785 404 ,
1814 367 1908 413 quae
1920 362 2051 399 tamen

443 413 635 475 consequi
647 429 734 459 non
746 412 880 459 voluit
889 410 966 458 nisi
975 429 1027 459 ex
1038 414 1133 460 actu
1140 426 1331 459 creaturae
1342 410 1612 459 antecedente.

740 582 785 635 c
862 545 1039 636 Αἰ)
1117 584 1170 636 u
1241 584 1289 634 T
1406 582 1760 638 XX111.

535 721 643 788 De
675 711 1045 788 Attribmis
1080 712 1314 787 divina
1351 714 1715 790 voluntatis
1745 769 1765 798 ‚
1830 746 1956 822 quae

917 823 1179 926 afflb‘t'us
1230 842 1575 898 vocantur.

233 1004 413 1044 attributa
442 1006 475 1048 Ι,
496 1002 577 1039 ⁷1

236 1059 419 1098 voluntatis

235 1112 312 1152 Dei.

586 1014 670 1067 ΛΓ-
768 1002 950 1046 Oluntas
963 998 1122 1049 divina,
1152 1014 1250 1043 cum
1264 998 1486 1043 eminenter
1498 999 1700 1045 contineat
1725 1015 1868 1048 omnes
1879 1004 2056 1066 proprie-

694 1091 706 1116 7
769 1081 865 1111 tates
885 1064 1076 1110 humanae
1102 1064 1349 1116 voluntatis,
1372 1065 1489 1108 variis
1511 1062 1725 1125 insignitur
1743 1068 1988 1113 nominibus
2014 1070 2057 1113 in

530 1178 550 1191 χ
687 1160 695 1188 7
740 1131 973 1194 eScriptura
997 1164 1010 1184 ‚
1047 1146 1141 1189 quae
1164 1130 1229 1174 vel
1252 1127 1472 1186 affeft'uum
1494 1130 1558 1173 vel
1582 1137 1786 1177 virtutum
1808 1134 1931 1177 titulo
1944 1133 2059 1178 nobis

563 1194 584 1218 ³
646 1228 672 1260 ι)
713 1191 747 1255 k
769 1209 1002 1241 occurrunt.
1039 1201 1148 1256 Qae
1164 1207 1305 1239 tamen
1318 1209 1404 1238 non
1416 1193 1506 1238 sunt
1519 1195 1710 1241 attributa
1721 1199 1803 1242 Dei
1815 1199 1991 1254 interna,
2012 1210 2057 1246 ut

446 1263 527 1326 ipsa
540 1266 727 1310 voluntas
739 1262 821 1310 Dei
832 1278 843 1313 3
860 1259 924 1306 sed
937 1261 1096 1305 relativa
1109 1259 1258 1312 solum,
1271 1273 1464 1305 creaturas
1475 1259 1702 1320 spectantia.

235 1329 343 1370 Ars
357 1342 401 1368 E·
514 1331 584 1374 II.
618 1327 807 1374 Affectus
829 1328 871 1371 in
898 1329 994 1371 Deo
1017 1341 1103 1369 non
1128 1322 1336 1386 designant
1360 1321 1554 1385 passiones
1565 1326 1627 1370 vel
1641 1328 1965 1384 commotiones,
1988 1342 2059 1374 nec

236 1396 262 1422 C
283 1397 309 1421 T
323 1397 355 1423 Π
372 1398 389 1425 S
455 1393 707 1455 concipiendi
720 1395 811 1439 sunt
823 1392 948 1437 veluti
959 1389 1119 1435 diversae
1133 1390 1359 1434 voluntates
1371 1391 1413 1433 in
1426 1393 1523 1434 Deo
1536 1423 1547 1442 ‚
1564 1406 1656 1449 quae
1668 1394 1848 1453 aliquam
1861 1395 2054 1439 mutatio·
2067 1406 2076 1447 ’,

235 1441 393 1530 zumulo
454 1474 549 1503 nem
576 1461 619 1503 in
632 1475 681 1503 eo
693 1459 872 1504 inferunt
886 1490 899 1510 ,
924 1469 970 1501 ut
991 1472 1053 1500 ex.
1069 1471 1129 1517 gr.
1145 1456 1202 1499 ira
1218 1459 1260 1499 &
1274 1452 1562 1508 misericordia,
1575 1454 1641 1500 sed
1653 1457 1743 1502 sunt
1758 1459 1868 1503 actus
1879 1456 2058 1517 ejusdem

238 1506 390 1589 &2222ss
452 1524 700 1578 voluntatis,
725 1529 768 1569 &
782 1535 928 1568 notant
951 1535 1112 1566 tantum
1126 1518 1292 1565 diversas
1306 1518 1392 1577 ejus
1415 1530 1548 1577 σχέο-εις
1572 1523 1860 1576 &relationes‚
1895 1540 1987 1584 quae
1999 1520 2071 1570 di:

388 1578 396 1587 ⁰
454 1589 614 1635 versum
628 1605 808 1651 quaeque
821 1586 970 1634 habent
991 1583 1307 1631 fundamentum
1332 1588 1353 1644 (
1365 1586 1489 1630 veluti
1516 1602 1579 1630 ex.
1593 1602 1653 1646 gr.
1677 1588 1744 1632 irae
1757 1586 1904 1644 divinae
1917 1587 2062 1634 fianda-

456 1668 645 1700 mentum
671 1653 728 1700 est
752 1665 985 1717 peccatum,
1016 1656 1059 1697 δε
1083 1649 1136 1695 fic
1158 1652 1200 1694 in
1224 1652 1405 1704 caeteris)
1436 1648 1544 1695 unde
1567 1665 1658 1696 tum
1684 1651 1823 1698 fluunt
1846 1667 1960 1700 certae
1981 1655 2062 1700 Dei
2076 1651 2078 1654 ’

453 1721 662 1765 relationes
684 1718 734 1765 ad
756 1718 972 1765 hominem
986 1751 999 1771 ,
1034 1721 1076 1761 &
1099 1716 1275 1760 actiones
1298 1716 1398 1760 circa
1408 1732 1503 1760 eum
1517 1749 1529 1768 ,
1555 1733 1647 1775 quae
1660 1718 1737 1762 tale
1746 1717 2059 1766 fundamentum

453 1788 499 1829 δε
521 1785 758 1829 relationem
782 1785 893 1843 sequi
916 1782 1068 1836 solent,
1103 1785 1146 1825 &
1169 1794 1305 1825 tamen
1327 1778 1429 1824 nihil
1454 1783 1691 1826 mutationis
1703 1784 1745 1826 in
1760 1786 1856 1828 Deo
1868 1783 2056 1830 inferunt.

455 1847 590 1896 Unde
611 1851 733 1895 etiam
755 1852 853 1896 Deo
867 1863 952 1893 non
964 1844 1291 1906 tribuunturJnifi
1304 1847 1347 1890 in
1356 1842 1502 1891 ordine
1512 1844 1564 1891 ad
1576 1863 1636 1892 res
1647 1856 1761 1894 extra
1773 1851 1920 1894 Deum
1932 1881 1945 1904 ,
1979 1863 2064 1893 non

456 1930 555 1960 vero
567 1915 610 1959 in
622 1912 766 1960 ordine
777 1913 827 1959 ad
840 1917 982 1959 Deum
996 1914 1142 1974 ipsum.

521 1982 600 2024 ΙΙΙ.
624 1982 695 2026 Ut
707 1980 810 2025 male
820 1979 1038 2031 Socffliani,
1051 1974 1252 2038 quicquid
1264 1974 1484 2038 aliquando
1497 1978 1951 2039 tergiverlentur‚revera
1963 1976 2063 2025 affe-

452 2045 544 2090 &us
555 2047 652 2090 Deo
664 2046 847 2090 tribuant
857 2079 869 2095 ‚
886 2048 928 2088 &
941 2044 1164 2089 voluntatis
1177 2041 1257 2086 five
1269 2044 1572 2088 commotiones
1592 2077 1604 2097 ‚
1622 2042 1705 2088 five
1716 2046 1828 2090 aRus
1839 2078 1851 2097 ‚
1865 2047 1984 2090 etiam
1995 2059 2064 2090 ve-

455 2108 755 2164 hementiores,
780 2109 930 2171 quibus
953 2110 1142 2153 voluntas
1164 2108 1247 2152 Dei
1270 2105 1476 2152 ardentius
1498 2109 1540 2151 in
1554 2107 1765 2166 objectum
1777 2110 1895 2156 suum
1910 2109 2045 2160 fertur,

456 2175 520 2219 vel
532 2175 583 2220 ab
595 2191 644 2220 eo
657 2174 804 2236 refugit
816 2209 829 2229 ,
842 2179 885 2220 ὃ(
897 2175 1057 2237 prorsus
1067 2186 1361 2220 commovetur
1371 2207 1383 2224 ,
1410 2171 1460 2217 ad
1473 2171 1785 2220 similitudinem
1797 2176 1995 2221 nimirum
2007 2170 2065 2220 af-

456 2239 644 2286 feetuum
657 2238 951 2285 humanorum.

524 2308 547 2350 I
559 2309 616 2352 V.
653 2307 748 2351 Nos
761 2308 858 2350 Deo
874 2308 1013 2351 actum
1028 2303 1199 2365 quidem
1208 2304 1445 2358 tribuimus,
1455 2305 1531 2364 qui
1546 2303 1605 2349 est
1618 2303 1850 2367 purissimus
1869 2340 1882 2360 ‚
1906 2303 1970 2352 sed
1982 2317 2076 2350 non*

458 2383 653 2415 motum:
678 2368 845 2416 affectus
869 2386 967 2416 vero
991 2387 1077 2415 non
1101 2368 1175 2414 nisi
1199 2385 1269 2432 per
1291 2382 1601 2435 oensem-omissam
1624 2411 1633 2426 ,
1677 2388 1763 2416 non
1775 2371 1828 2418 ad
1839 2367 2066 2431 fimilitudi-

459 2450 554 2483 nem
569 2434 776 2496 quandam
787 2435 953 2498 afferfi‘us
963 2439 1006 2482 in
1020 2436 1151 2488 nobis,
1165 2435 1284 2495 quod
1296 2436 1502 2484 adversarii
1513 2439 1687 2490 volunt,
1699 2435 1765 2482 sed
1775 2436 1949 2496 effebius.

523 2504 579 2546 V.
616 2499 812 2547 Affectus
835 2503 948 2548 enim
970 2503 1028 2547 illi
1051 2500 1318 2562 multiplicem
1331 2505 1374 2549 in
1387 2507 1484 2550 Deo
1496 2502 1848 2565 imperfeffionem
1862 2501 2065 2551 dicerentt

462 2578 510 2613 ut
538 2583 571 2613 1.
597 2566 877 2629 imperfectam
891 2568 1163 2619 volitionem.
1214 2582 1250 2616 2.
1283 2565 1598 2635 dependentiam
1622 2567 1672 2617 ab
1695 2584 1744 2616 eo
1768 2569 1790 2619 a
1818 2584 1906 2635 quo
1928 2566 2068 2636 oriun-

1983 2644 2063 2684 tur,
