2116 2901
399 149 487 196 294
746 136 920 181 Lrn.
985 132 1021 179 1.
1101 134 1404 179 CAPUT
1481 127 1686 176 XLII.
2035 0 2116 173 ξ

188 211 366 257 ΕΧΡΑΝ·
469 217 712 268 XXXVIII.
748 217 930 283 Expanfi
954 219 1126 264 nornine
1151 219 1194 263 in
1205 214 1421 263 latitudine
1436 215 1502 261 sua
1515 215 1754 277 intelligitur
1765 224 1906 260 totum
1919 210 2019 262 illud
2075 224 2077 257 ζ

190 284 298 315 SUM·
404 283 593 345 spatium,
617 283 738 347 quod
749 284 975 332 {terrestris
988 284 1104 348 globi
1117 282 1325 346 superficie
1338 281 1388 328 ad
1399 296 1637 328 extremum
1668 281 1798 342 usque
1811 281 1905 325 coeli
1917 281 2022 342 aspe-

406 350 562 397 &abilis
579 353 809 399 terminum
830 352 1043 397 extensum
1069 348 1142 405 est,
1169 347 1289 411 quod
1314 349 1469 396 coelum
1483 349 1741 412 appellamus.
1789 349 1849 392 Et
1861 353 2021 393 vocavit

407 420 523 463 Deus
534 417 753 481 expansum
767 422 923 464 Coelum.
957 418 1071 463 Gen.
1090 435 1124 463 1:
1143 417 1186 463 8.

223 490 317 542 5:372
477 487 674 530 XXXIX.
710 483 913 530 Hebraice
938 495 1071 566 1)qu
1096 480 1246 529 dicitur
1270 517 1284 537 ‚
1318 482 1369 528 ab
1391 479 1637 545 expansione
1661 483 1703 525 &
1727 479 2013 542 explicatione,

412 551 541 612 qualis
574 549 631 595 est
665 551 707 595 in
742 551 871 596 aulaeo
907 551 971 595 vel
1003 564 1220 612 conopaeo.
1257 551 1443 613 Operiens
1458 546 1501 605 [ἑ
1515 547 1736 608 luceinstar
1747 561 1861 609 togae,
1887 560 2022 592 exten-

191 622 361 674 ςςξὲωμοι,
409 620 503 662 dens
527 619 669 662 coelum
690 617 815 675 mstar
837 623 1003 662 cortinae.
1039 615 1138 660 Psal.
1154 631 1245 675 104:
1262 632 1303 660 2.
1340 615 1482 660 Graeci
1506 627 1673 659 vertunt
1697 624 1865 675 ςεςέωμκ,
1887 613 2021 659 Latini

190 683 393 718 firmamen-
410 687 751 737 Firmamentum,
776 698 864 727 non
888 680 1003 744 quali
1028 679 1163 727 solidae
1188 681 1295 728 foret
1318 678 1546 727 substantiae
1559 697 1571 732 ;
1599 677 1664 724 sed
1676 681 1738 725 vel
1751 678 1932 742 respe&u
1943 693 2020 723 nu-

190 746 278 774 tum.
409 747 530 794 bium
545 782 556 802 ‚
571 765 664 809 quae
680 748 992 796 firmamentum
1007 752 1048 793 &
1062 746 1242 793 fulcrum
1256 747 1347 792 sunt
1359 760 1576 809 vaporum5
1593 746 1659 791 vel
1672 747 1767 807 quia
1779 751 1848 790 aer
1863 742 2020 790 unifor-

411 816 488 860 mis
517 819 560 859 δε
573 814 720 860 stabilis
733 816 887 878 semper
900 827 1051 868 manet,
1067 818 1108 859 &
1122 813 1280 876 superas
1295 829 1418 874 aquas
1429 809 1622 858 latissimo
1633 813 1794 874 gremio
1809 811 1882 857 suo
1897 809 2020 855 veluti

410 879 576 926 sustinet
602 897 646 926 ac
662 879 814 926 firmat.
851 884 913 926 Ita
926 894 973 926 ut
985 878 1082 926 hinc
1095 881 1224 927 coelos
1236 877 1385 926 solidos
1396 876 1473 926 esse
1484 912 1497 934 ‚
1535 893 1622 923 non
1634 891 1771 924 autem
1784 873 1965 940 liquidos
1979 879 2021 924 &

414 944 566 992 fluidos
578 945 772 993 concludi
784 963 872 992 non
885 944 1021 1010 poffit.

191 1017 281 1070 quod
297 1019 351 1069 fi·
478 1014 515 1055 X
532 1016 584 1058 L.
618 1014 857 1075 Expansum
881 1029 982 1059 vero
995 1010 1171 1059 secundo
1183 1009 1265 1058 hoc
1277 1010 1341 1058 die
1353 1009 1526 1066 factum,
1540 1027 1629 1057 non
1641 1008 1783 1073 quoad
1797 1009 2019 1056 universam

192 1074 300 1110 cundo
313 1074 366 1112 'li‘
412 1077 470 1124 sui
485 1076 742 1125 latitudinem
755 1114 768 1134 ‚
797 1077 878 1125 hoc
890 1081 1001 1124 enim
1017 1080 1140 1142 primi
1152 1078 1230 1125 diei
1242 1077 1320 1124 fuit
1332 1093 1436 1140 opus
1449 1112 1462 1133 ‚
1487 1076 1552 1124 sed
1565 1076 1708 1139 quoad
1719 1075 1952 1123 inferiorern
1965 1073 2023 1122 sui

187 1127 333 1177 fagum.
414 1158 571 1208 partem
584 1179 596 1198 ‚
632 1162 726 1206 quae
740 1152 875 1192 a'e‘rern
888 1145 1105 1192 extensum
1116 1147 1244 1207 usque
1255 1142 1306 1190 ad
1317 1145 1496 1190 orbitam
1509 1146 1632 1198 lunae,
1647 1158 1717 1190 aut
1728 1144 1897 1197 circiter,
1911 1157 2025 1188 com-

414 1211 749 1274 plectitunaccipi
763 1210 882 1258 debet
898 1231 906 1256 :
921 1211 1079 1258 factum
1096 1224 1232 1257 autem
1243 1209 1411 1262 est‚tum
1426 1212 1582 1256 ratione
1595 1209 1811 1270 substantie
1824 1209 1915 1262 suae,
1923 1223 2024 1268 qua-

413 1290 536 1323 tenus
563 1277 663 1321 inibi
687 1279 786 1322 aeris
808 1277 990 1323 formam
1012 1279 1187 1340 accepit,
1209 1291 1304 1323 turn
1316 1277 1474 1323 ratione
1486 1276 1592 1330 usus,
1617 1290 1817 1337 quatenus
1831 1271 2023 1321 divideret
2057 1281 2061 1285 '

416 1358 542 1403 aquas
564 1341 793 1404 superiores⁴
809 1345 859 1389 ab
882 1343 1166 1399 inferioribus,
1203 1341 1323 1405 quod
1346 1343 1402 1388 illi
1416 1343 1572 1388 ratione
1584 1344 1676 1388 imae
1689 1342 1767 1388 suae
1781 1342 1901 1404 partis
1914 1340 2023 1385 attri-

418 1408 573 1453 buitur.
608 1410 782 1470 Triplici
806 1411 916 1455 enim
944 1408 1078 1456 modo
1101 1407 1152 1455 de
1174 1408 1348 1471 expanso
1362 1409 1551 1469 loquitur
1562 1411 1601 1453 S.
1616 1411 1656 1454 S.
1673 1404 1896 1468 aliquando
1908 1407 1949 1450 in
1961 1405 2025 1451 sua

417 1472 632 1519 latitudine
644 1472 688 1519 id
700 1474 821 1520 sumit
833 1491 910 1538 pro
924 1477 1046 1527 coelo,
1061 1477 1263 1522 Gen.1:8.
1279 1473 1500 1535 aliquando
1514 1490 1590 1536 pro
1602 1488 1712 1536 parte
1725 1472 1808 1533 ejus
1821 1472 2025 1536 superiori,

422 1553 471 1585 ut
483 1557 522 1585 v.
543 1555 611 1600 14,
630 1554 693 1600 15,
717 1557 783 1603 17.
810 1539 1031 1602 aliquando
1044 1556 1122 1604 pro
1134 1542 1216 1587 sola
1229 1539 1426 1594 inferiori,
1451 1554 1498 1587 ut
1512 1556 1625 1586 v.zo.
1638 1557 1682 1586 ac
1692 1539 1811 1598 juxta
1821 1536 1931 1584 hunc
1943 1534 2025 1583 {en-

421 1605 515 1651 sum
539 1621 662 1666 aquas
685 1605 1177 1670 superiores&inferiores
1198 1604 1358 1653 dividit.
1395 1623 1434 1651 v.
1450 1614 1491 1660 6,
1506 1624 1549 1668 7.
1586 1604 1722 1668 Qod
1744 1602 1920 1652 secundo
1932 1601 2025 1657 diei,

424 1687 516 1732 quo
529 1674 647 1716 Deus
658 1674 832 1735 expanso
845 1670 949 1718 hanc
961 1672 1301 1719 constitutionem
1313 1670 1442 1726 dedit,
1455 1670 1635 1732 huicque
1648 1672 1735 1717 usui
1750 1669 1852 1717 illud
1865 1669 2025 1734 aptavit,

422 1737 678 1799 peculiariter
688 1738 906 1790 tribuitur3
936 1754 1034 1783 cum
1048 1737 1098 1784 ad
1111 1737 1397 1785 fundationem
1410 1751 1524 1784 terrae
1537 1771 1551 1792 ‚
1585 1754 1679 1799 quae
1692 1739 1940 1801 praecipuum
1953 1732 2028 1781 hu-

425 1800 490 1862 jus
502 1801 581 1848 diei
593 1802 673 1848 fuit
683 1819 788 1866 opus
810 1838 824 1858 ,
858 1802 945 1849 haec
958 1820 1160 1865 aquarum
1174 1805 1364 1867 separatio
1377 1801 1628 1866 singulariter
1638 1803 1775 1850 fecerit
1791 1823 1800 1849 ε
1815 1820 1907 1865 quae
1919 1803 2026 1848 Gen.

423 1884 468 1913 22
485 1876 527 1915 6.
561 1884 648 1913 non
661 1868 929 1915 incommode
942 1886 1012 1932 per
1023 1870 1266 1916 edufflonem
1278 1886 1473 1933 vaporum
1487 1887 1537 1915 ex
1549 1884 1657 1915 terra
1669 1871 1905 1932 explicatur,
1928 1881 2028 1929 quos

424 1936 542 1980 Deus
564 1935 607 1978 in
633 1935 770 1997 supera
796 1936 896 1982 a'e'ris
919 1937 1083 1998 regione
1107 1937 1148 1981 in
1172 1936 1298 1981 nubes
1325 1936 1529 1998 collegerit
1553 1969 1565 1989 ‚
1600 1949 1724 1997 atque
1747 1937 1790 1981 in
1814 1934 1930 1981 vastis
1952 1931 2029 1978 istis

424 2001 522 2045 coeli
548 2002 698 2062 campis
723 2000 773 2046 ad
796 2017 946 2049 terram
969 2000 1123 2047 idoneo
1146 2015 1331 2067 tempore
1364 1999 1609 2064 irrigandam
1636 2035 1649 2056 ,
1691 2003 1753 2064 agi
1777 2019 1820 2047 ac
1842 2000 1934 2047 ferri
1952 1996 2030 2059 jus-

425 2065 532 2112 serit.

209 2146 383 2204 sqqfiffi-
491 2136 607 2179 XLI.
643 2137 719 2178 Per
745 2150 867 2195 aquas
889 2135 1016 2197 igitur
1030 2135 1249 2199 superiores
1261 2153 1347 2181 non
1362 2137 1518 2182 coelum
1534 2134 1812 2190 cristallinum,
1838 2150 1910 2180 nec
1921 2146 2028 2193 aquae

206 2209 353 2261 perfores,
426 2214 531 2244 verae
557 2200 674 2261 supra
697 2198 893 2261 sphaeram
916 2202 1107 2247 ocravam
1123 2236 1136 2255 ‚
1159 2203 1233 2247 ·vel
1258 2204 1341 2248 aliae
1366 2200 1559 2263 quaedam
1585 2219 1700 2263 aquae
1728 2196 2031 2264 supra-coelestes

226 2276 228 2278 ’
427 2265 729 2327 intelliguntur,
748 2265 812 2312 sed
826 2267 952 2311 nubes
968 2272 1010 2312 &
1024 2284 1191 2329 vapores
1205 2269 1245 2312 in
1260 2268 1455 2330 superiori
1467 2271 1566 2313 aeris
1579 2270 1754 2330 regione,
1766 2264 1900 2312 media
1912 2263 2030 2324 vulgo

427 2328 555 2384 dicia,
569 2331 763 2376 collectae.
801 2332 1077 2378 Contabulans
1090 2341 1205 2395 aquis
1219 2334 1663 2397 coetmculasua.ponens
1676 2332 1798 2378 nubes
1810 2332 2031 2377 vehiculum

418 2395 560 2453 suum.
594 2396 693 2441 Psal.
713 2411 814 2456 104:
832 2414 866 2457 3.
905 2399 1142 2461 Constringit
1163 2417 1294 2461 aquas
1318 2407 1359 2444 in
1384 2397 1661 2456 nubtbussuis,
1694 2407 1753 2444 ita
1766 2413 1813 2444 ut
1825 2393 2032 2458 nonfinda-

429 2475 500 2507 tur
512 2459 634 2506 nubes
645 2460 835 2524 subipst's.
862 2464 963 2526 Job.
987 2472 1055 2510 26:
1074 2467 1112 2510 8.
1152 2465 1328 2510 Ponelmt
1352 2465 1532 2512 tenebras
1557 2462 1922 2522 latibulumsuum‚
1947 2456 2031 2505 im&

429 2533 537 2572 circa
560 2526 598 2584 β’
626 2536 837 2593 tugurium
838 2534 966 2586 suum
983 2549 992 2575 :
1021 2532 1221 2575 nimirum
1235 2528 1513 2588 obscuritatem
1525 2548 1745 2592 aquarum,
1758 2529 1850 2575 imo
1867 2523 1982 2575 nubes
1991 2540 2033 2568 ae-

430 2592 564 2640 theris.
602 2593 702 2640 Psal.
718 2594 780 2641 18:
798 2611 858 2641 12.
897 2596 978 2643 Ad
985 2613 1120 2644 vocem
1133 2597 1204 2643 dat
1217 2597 1524 2644 multitudinem
1536 2614 1648 2659 aquae
1658 2604 1698 2643 in
1712 2599 1829 2652 caelis,
1853 2601 1898 2650 ὠ
1912 2590 2033 2700 asi?-

1982 2668 2038 2699 ere
